1855 3200
207 226 276 267 86
753 230 871 265 Plinii
910 229 1074 275 epistola
1081 238 1163 264 rum

888 401 1029 445 vll.

542 514 596 562 C.
633 514 822 561 Plinius
858 511 1134 560 Saturnino
1171 510 1275 560 Suo
1312 511 1367 559 S.

170 628 191 663 1
343 619 402 661 Et
422 619 619 675 proxime
643 619 792 660 Prisco
829 622 990 674 nostro,
1029 621 1073 660 et
1102 631 1266 671 rursus,
1303 617 1399 672 quia
1429 616 1693 672 itajussisti.

206 688 369 742 gratias
407 687 498 743 egi,
544 686 825 728 libentissime
861 684 1045 741 quidem.
1122 683 1206 726 Est
1252 684 1360 727 enim
1396 684 1498 724 mihi
1542 687 1692 740 perju-

207 753 406 807 cundum,
442 752 554 808 quod
591 753 675 795 viri
711 753 857 808 optimi
893 752 1076 808 mihique
1112 751 1356 793 amicissimi
1387 750 1496 793 adeo
1532 751 1693 794 cohae-

168 821 342 873 2sistis,
380 825 426 862 ut
461 821 646 863 invicem
684 834 766 863 vos
804 820 983 874 obligari
1019 820 1196 875 putetis.
1268 819 1381 860 Nam
1416 818 1489 860 ille
1525 831 1693 874 quoque

203 888 477 943 praecipuam
515 900 566 930 se
601 888 868 943 voluptatem
895 900 950 929 ex
976 887 1158 928 amicitia
1196 890 1265 927 tua
1289 897 1450 941 capere
1471 885 1695 941 profitetur

206 958 432 1011 certatque
476 959 614 997 tecum
652 954 958 996 honestissimo
996 953 1229 997 certamine
1265 958 1437 994 mutuae
1482 952 1694 1004 caritatis,

165 1028 329 1077 3quam
365 1023 505 1078 ipsum
540 1026 709 1078 tempus
745 1021 931 1077 augebit.
1004 1022 1070 1064 Te
1105 1021 1290 1076 negotiis
1320 1019 1510 1062 distineri
1536 1019 1588 1061 ob
1613 1019 1694 1061 hoc

204 1089 384 1131 moleste
420 1090 525 1143 fero,
563 1089 672 1145 quod
711 1089 940 1132 deservire
975 1088 1129 1131 studiis
1166 1100 1249 1129 non
1274 1091 1413 1142 potes.
1484 1086 1534 1130 Si
1553 1091 1691 1129 tamen

205 1156 383 1197 alteram
420 1157 532 1198 litem
568 1169 648 1212 per
678 1156 882 1211 judicem,
921 1157 1123 1207 alteram,
1160 1158 1206 1196 ut
1240 1155 1330 1208 ais,
1379 1155 1476 1209 ipse
1511 1153 1687 1205 finieris,

204 1221 386 1276 incipies
432 1223 611 1277 primum
658 1223 755 1265 istic
799 1223 883 1264 otio
929 1222 1032 1276 frui,
1079 1220 1233 1264 deinde
1277 1221 1461 1263 satiatus
1511 1219 1563 1261 ad
1611 1231 1692 1261 nos

206 1289 386 1330 reverti.
460 1287 585 1330 Vale.

861 1450 1036 1494 VIII.

578 1571 633 1618 0.
670 1569 860 1618 Plinius
895 1570 1075 1618 Prisco
1111 1569 1219 1618 Suo
1254 1569 1310 1617 S.

165 1688 188 1723 1
337 1683 595 1741 Exprimere
643 1699 727 1727 non
772 1697 974 1741 possum,
1029 1699 1153 1742 quam
1199 1685 1434 1741 jucundum
1481 1687 1533 1728 sit
1576 1686 1690 1731 mihi,

201 1750 311 1807 quod
332 1750 592 1795 Saturninus
629 1757 779 1794 noster
814 1765 1002 1794 summas
1038 1753 1109 1793 tibi
1141 1753 1257 1809 apud
1292 1767 1360 1795 me
1395 1754 1559 1809 gratias
1595 1754 1691 1794 aliis

163 1825 337 1873 2super
372 1820 480 1860 alias
520 1819 712 1873 epistolis
749 1819 851 1873 agit.
931 1820 1096 1874 Perge,
1134 1823 1179 1860 ut
1215 1820 1419 1874 coepisti,
1467 1821 1690 1874 virumque

203 1885 402 1940 optimum
451 1898 575 1940 quam
612 1884 945 1927 familiarissime
993 1885 1145 1941 dilige,
1194 1899 1386 1942 magnam
1425 1886 1688 1942 voluptatem

163 1960 258 1997 3ex
295 1951 479 1992 amicitia
515 1954 610 2006 ejus
633 1956 936 2008 percepturuS,
974 1965 1053 1994 nec
1079 1953 1132 1993 ad
1155 1953 1290 1996 breve
1327 1959 1508 2008 tempus.
1579 1954 1688 1994 Nam

291 2121 404 2157 Vll.
430 2127 462 2156 3.
497 2126 690 2161 distineri]
732 2128 777 2157 ist
813 2127 1102 2157 bezeichneuder
1138 2128 1191 2158 als
1237 2128 1292 2157 die
1326 2128 1454 2158 Lesart
1490 2128 1551 2158 des
1583 2127 1687 2166 Prag.

201 2179 371 2211 detineri.
419 2181 481 2211 Die
508 2182 641 2212 Riinicr
674 2182 850 2212 branciien
877 2190 915 2212 es
939 2190 1028 2221 geru
1057 2191 1126 2212 von
1151 2182 1388 2221 Gescha‘ften,
1421 2184 1478 2213 die
1511 2183 1567 2213 die
1594 2183 1683 2212 Auf-

202 2235 458 2267 merksamkeit
483 2237 573 2266 nach
600 2237 698 2266 melu·
722 2236 774 2266 als
801 2237 906 2266 Emer
931 2238 1029 2267 Seite
1054 2238 1088 2267 in
1116 2237 1299 2275 Ansprucli
1328 2238 1487 2268 uelimen.

290 2320 433 2355 VIII.
463 2323 610 2360 Prisco]
637 2332 666 2354 s.
692 2331 736 2354 zu
762 2323 795 2363 2,
822 2323 875 2353 13.

293 2412 323 2442 1.
351 2412 578 2452 Eoeprimere
603 2420 673 2442 non
697 2412 868 2449 possum]
895 2421 924 2442 s.
951 2421 992 2442 zu
1020 2414 1053 2448 5,
1079 2411 1131 2442 15.
1157 2412 1189 2441 2.

290 2500 376 2530 aliis
399 2508 514 2540 super
538 2499 656 2535 alias]
682 2500 772 2530 sielil
798 2501 910 2531 einem
938 2501 1205 2531 Germanismns
1238 2501 1331 2531 nicht
1363 2509 1452 2541 ganz
1485 2502 1684 2536 uuitlmlich,

201 2553 292 2583 deun
317 2557 386 2584 wir
410 2562 521 2595 Sagen
548 2555 637 2586 eben
663 2563 721 2585 so:
765 2556 799 2585 in
826 2557 940 2586 einem
968 2556 1080 2587 Briese
1106 2554 1195 2587 iiber
1219 2556 1286 2587 den
1312 2556 1466 2596 andern3
1498 2557 1585 2588 doch
1610 2558 1683 2587 wie

202 2614 281 2637 man
316 2610 423 2640 sehon
458 2609 578 2641 friilier
602 2618 712 2649 sagen
737 2611 871 2642 durfte:
907 2610 1043 2642 vulnus
1067 2619 1179 2652 super
1214 2611 1370 2650 vulnus,
1404 2612 1539 2643 suavia
1570 2618 1685 2651 super

202 2662 334 2691 suavia
360 2664 444 2693 nach
471 2665 546 2695 dem
573 2666 817 2704 griechischen
843 2663 912 2707 ἐπὶ,
936 2667 997 2697 das
1025 2667 1158 2698 ebenso
1171 2667 1363 2706 gebraucht
1387 2668 1522 2708 warde,
1547 2675 1588 2697 so
1603 2667 1681 2697 kam

203 2715 408 2745 namentlicli
443 2719 488 2746 im
523 2720 828 2751 nacliclassischen
855 2721 1033 2752 Zeitalter
1069 2721 1160 2753 nach
1191 2722 1311 2752 Livius
1337 2721 1531 2762 Vorgange
1568 2723 1601 2760 3,
1625 2721 1680 2751 56.

201 2770 260 2809 23,
282 2769 340 2798 36.
366 2768 423 2808 30,
448 2771 507 2800 25.
541 2772 640 2802 cilius
665 2782 776 2813 super
800 2776 914 2806 alium
946 2776 1009 2807 auf
1036 2775 1108 2814 (10,
1133 2776 1190 2806 89.
1225 2776 1356 2815 Paneg.
1381 2775 1436 2807 14.
1469 2777 1568 2807 Suet·
1599 2775 1682 2806 Ner·

201 2822 274 2862 41),
298 2822 359 2852 das
384 2824 447 2853 mit
470 2824 583 2853 alium
609 2827 720 2865 atque
746 2828 861 2860 alium
889 2828 934 2869 (s.
951 2831 1005 2860 Br.
1027 2830 1057 2867 1,
1072 2832 1106 2870 3,
1121 2828 1172 2869 4.)
1197 2830 1264 2860 und
1289 2829 1394 2861 aliud
1417 2838 1464 2861 ex
1488 2829 1566 2861 alio
1591 2828 1681 2868 (Cic-

202 2877 301 2908 Fam.
329 2877 362 2917 9,
387 2875 460 2916 19.)
485 2876 600 2908 alium
626 2879 710 2917 post
735 2882 850 2913 alium
877 2884 975 2922 ¹esan.
1000 2885 1077 2924 Jug.
1105 2884 1178 2924 60.)
1201 2885 1406 2917 wechselte.
