1855 3200
605 786 797 832 Uber
833 784 1156 842 Septimus.

849 988 900 1031 1.

495 1098 550 1148 C.
586 1098 777 1147 Plinius
815 1098 1016 1147 Gemino
1050 1095 1158 1145 Suo
1192 1095 1250 1144 S.

271 1204 432 1247 Terret
465 1217 533 1247 me
567 1203 676 1246 haee
700 1207 774 1245 tua
797 1207 883 1245 tam
902 1202 1101 1258 pertinax
1122 1199 1339 1255 valetudo,
1377 1206 1434 1253 et,
1469 1212 1621 1256 quam·
1663 1214 1685 1250 1

136 1282 261 1327 quam
297 1275 341 1314 te
374 1270 806 1328 temperantissimum
825 1270 1034 1323 noverim,
1059 1281 1218 1312 vereor
1253 1272 1410 1322 tamen,
1445 1281 1499 1310 ne
1520 1266 1619 1323 quid

135 1339 194 1380 illi
230 1337 355 1381 etiam
389 1339 432 1381 in
468 1350 610 1381 mores
645 1342 742 1380 tuos
777 1337 920 1379 liceat.
993 1334 1180 1379 Proinde
1203 1347 1370 1389 moneo,
1407 1335 1621 1391 patienter
1660 1343 1686 1380 2

135 1405 330 1448 resistaS.
399 1406 498 1448 Hoc
533 1403 775 1462 laudabile,
813 1403 893 1446 hoe
929 1403 1138 1446 salutare.
1210 1401 1404 1445 Admittit
1438 1402 1621 1444 humana

136 1476 311 1525 natura,
358 1471 469 1527 quod
518 1470 695 1514 suadeo.
774 1471 878 1525 Ipse
923 1473 1045 1512 certe
1091 1470 1153 1511 sie
1187 1481 1321 1524 agere
1356 1481 1491 1511 sanus
1526 1480 1620 1509 cum

134 1538 240 1580 meis
277 1538 418 1580 soleo:
487 1536 663 1595 „Spero
701 1536 893 1592 quidem,
930 1537 966 1576 si
1002 1536 1112 1579 forte
1149 1536 1188 1576 in
1224 1534 1457 1578 adversam
1490 1535 1620 1578 vale·
1659 1539 1686 1575 3

135 1603 325 1647 tudinem
359 1603 564 1654 incidero,
601 1602 703 1644 nihil
740 1615 807 1644 me
840 1600 1184 1643 desideraturum
1219 1601 1293 1643 vel
1329 1601 1509 1657 pudore,
1544 1599 1618 1642 vel

134 1671 399 1727 poenitentia
422 1671 617 1727 dignum:
655 1669 695 1710 si
719 1673 860 1710 tamen
879 1667 1153 1723 superaverit
1173 1666 1361 1721 morbus,
1398 1666 1616 1722 denuntio,

136 1751 193 1781 ne
227 1738 327 1793 quizi
363 1737 460 1780 mihi
496 1736 624 1791 detis,
662 1736 742 1777 nisi
768 1734 1105 1790 permittentibus
1131 1732 1328 1776 medicis:
1366 1733 1616 1789 sciatisque,

136 1805 175 1847 si
211 1803 434 1862 dederitis,
471 1805 529 1846 ita
564 1801 891 1858 vindicaturum,
927 1805 973 1842 ut
1007 1801 1151 1843 solent
1186 1800 1272 1855 alii,
1309 1812 1420 1857 quae
1450 1812 1617 1854 negan-

135 1874 250 1913 tur.“
321 1870 436 1924 Quin
457 1871 583 1914 etiam
606 1882 699 1912 cum
727 1873 933 1925 perustus
959 1866 1261 1910 ardentissima
1289 1868 1410 1921 febri,
1445 1865 1617 1909 tandem
1656 1874 1683 1910 4

136 1938 347 1981 remissus
382 1941 622 1993 unctusque
647 1936 886 1992 acciperem
919 1946 947 1976 a
980 1934 1146 1979 medico
1180 1935 1411 1991 potionem,
1445 1932 1617 1990 porrexi

228 2111 271 2146 1.
298 2113 469 2152 Gemino]
503 2115 549 2146 So
578 2114 690 2146 lautet
727 2112 784 2144 die
808 2110 1050 2145 Ueberschrift
1084 2111 1121 2142 in
1145 2111 1310 2142 melnrern
1334 2108 1618 2147 Handschriften,

138 2171 228 2201 auch
263 2170 325 2201 der
349 2170 452 2211 Prag.
480 2171 548 2201 und
579 2171 711 2201 Medic.
743 2169 854 2200 andre
884 2168 998 2199 haben
1031 2165 1137 2197 dafiir
1163 2166 1325 2197 Geminio
1350 2166 1396 2205 (s.
1420 2173 1464 2195 zu
1490 2165 1522 2204 7,
1546 2163 1618 2202 24),

136 2226 246 2258 andre
278 2224 475 2257 Restituto.
533 2225 583 2257 Im
617 2226 765 2256 Helmst.
799 2224 886 2255 fehlt
917 2224 973 2255 die
1007 2222 1251 2253 Ueberschrist
1282 2230 1388 2262 ganz,
1444 2220 1519 2251 Den
1544 2220 1616 2250 Ge-

138 2284 254 2313 minus
279 2281 457 2321 empfiehlt
481 2289 522 2312 er
547 2289 591 2311 an
618 2279 752 2322 Trajan
777 2278 832 2319 10,
859 2278 910 2310 11.
958 2278 1024 2309 Die
1049 2277 1335 2318 Entscheidung,
1370 2284 1415 2307 an
1440 2284 1525 2306 wen
1553 2275 1616 2306 der

140 2337 237 2369 Brief
257 2337 431 2377 gerichtet
455 2338 529 2375 sei,
552 2335 641 2366 liisst
666 2336 741 2367 sich
766 2337 909 2366 schwer
933 2342 994 2366 aus
1019 2335 1152 2365 diesem
1177 2334 1288 2364 selbst
1312 2333 1436 2373 geben,

233 2405 260 2435 1.
290 2413 333 2435 ne.
357 2403 446 2444 quid
469 2418 513 2426 --
538 2403 667 2439 liceat]
701 2410 922 2442 consequens
947 2409 1011 2440 pro
1037 2400 1282 2439 antecedenti,
1315 2400 1368 2429 sie
1399 2396 1516 2430 diirfte
1541 2398 1615 2429 sicli

138 2462 253 2490 etwas
278 2458 456 2497 erlauben,
480 2449 762 2490 hei-ansnehmen
785 2458 856 2488 und
880 2458 915 2487 in
930 2456 1043 2495 Folge
1059 2456 1184 2485 dessen
1213 2456 1267 2485 ein
1292 2455 1467 2494 gewisses
1486 2454 1614 2485 Ueber-

140 2514 295 2554 gewicht
317 2511 407 2544 iiber
431 2513 496 2544 den
521 2514 641 2544 bisher
664 2513 894 2544 bewiesenen
920 2512 1034 2542 festen
1060 2508 1258 2541 Charakter
1281 2510 1484 2548 gewinnen.

228 2579 261 2608 2.
287 2577 464 2609 Admittit
485 2593 531 2600 ——
554 2579 719 2615 natura]
746 2579 831 2610 Dem
857 2577 1061 2615 Einwurfe,
1093 2576 1158 2606 den
1182 2577 1252 2606 ihm
1277 2575 1445 2607 Geminus
1471 2577 1614 2606 macheu

142 2634 292 2663 konnte:
324 2633 365 2663 du
391 2633 473 2664 hast
504 2638 564 2673 gut
589 2634 734 2670 rathen,
765 2635 811 2664 du
846 2634 914 2663 bist
949 2631 1104 2672 gesund,
1139 2631 1191 2661 ich
1225 2628 1320 2662 fiihle
1352 2631 1407 2662 als
1438 2630 1615 2670 Kranker,

140 2689 223 2719 dass
253 2695 294 2718 es
331 2687 569 2719 mensohliche
600 2688 722 2719 Kriifte
753 2685 968 2727 iibersteigt‚
1001 2686 1097 2717 nicht
1130 2685 1340 2727 ungednldig
1372 2693 1416 2716 zu
1451 2685 1612 2726 werden,

141 2743 316 2783 begegnet
338 2743 474 2774 Plinius
497 2743 607 2774 durch
630 2743 693 2773 das
716 2742 907 2783 Folgende.

231 2811 262 2839 3.
288 2809 539 2850 superaverit]
566 2810 609 2839 im
634 2809 887 2840 intransitiven
911 2809 1021 2839 Sinne
1043 2805 1101 2839 fiir
1123 2806 1337 2839 invaluerit.

229 2876 261 2906 4.
283 2877 482 2916 potionem]
510 2876 592 2908 VVie
616 2876 808 2917 gefflhrlich
833 2876 889 2906 ein
915 2874 1036 2906 Trunk
1062 2875 1108 2906 im
1132 2874 1289 2915 hitzigen
1314 2874 1441 2906 Fieber
1465 2873 1612 2905 werden
