1855 3200
689 234 788 271 liber
818 234 1008 273 decimus.
1485 233 1583 276 371

105 361 236 392 caeae
273 347 491 405 respondi.
572 349 650 391 Ubi
699 363 791 392 eum
828 348 1124 392 consedissem
1162 349 1431 404 cogniturus,
1478 350 1589 394 idem

105 415 342 472 Eumolpus
379 422 589 471 tamquam
627 417 664 457 si
701 416 839 459 adhuc
878 430 1023 473 parum
1062 417 1295 458 instructus
1343 416 1587 461 dilationem

103 487 255 539 petere
291 484 455 539 eoepit:
494 489 643 526 contra
679 484 806 537 Dion,
844 489 888 526 ut
923 483 1157 540 audiretur,
1196 483 1387 539 exigere.
1458 485 1586 528 Dicta

104 554 203 592 sunt
240 550 435 607 utrinque
471 552 617 605 multa,
656 552 782 594 etiam
819 552 873 593 de
910 563 1080 594 caussa.
1157 549 1250 606 Ego
1287 563 1379 593 cum
1404 550 1586 594 dandam

102 617 345 660 dilationem
392 623 434 660 et
477 618 781 661 consulendum
832 619 1116 661 existimarem
1164 619 1201 659 in
1240 630 1287 660 re
1330 617 1384 659 ad
1434 632 1586 664 exem-

102 686 218 741 plum
239 685 484 741 pertinenti,
523 685 606 727 dixi
632 686 799 742 utrique
833 686 958 741 parti,
995 689 1039 727 ut
1061 685 1389 740 postulationum
1412 698 1585 728 suarum

102 753 270 795 libellos
315 752 483 795 darent.
578 753 785 795 Volebam
834 753 944 795 enim
989 757 1030 794 te
1076 753 1261 807 ipsorum
1318 753 1585 807 potissimum

102 820 252 863 verbis
289 832 363 876 ea,
413 834 523 875 quae
561 824 682 863 eraut
727 820 967 876 proposita,
1016 832 1294 874 cognoscere.
1374 818 1432 861 Et
1467 820 1583 862 Dion

102 886 270 943 quidem
307 900 358 929 se
393 886 587 930 daturum
635 887 763 929 dixit:
835 887 1073 943 Eumolpus
1123 885 1348 942 respoudit
1393 887 1584 942 comple-

102 967 252 997 xurum
295 967 345 997 sc
393 955 558 1012 libello,
611 966 721 1011 quae
770 954 1029 1009 reipublicae
1076 957 1257 1009 peteret.
1339 950 1583 1007 Caeterum,

102 1020 213 1078 quod
249 1020 304 1063 ad
342 1023 538 1076 sepultos
576 1023 786 1078 pertinet,
823 1034 905 1064 non
942 1025 1237 1063 accusatorem
1275 1033 1353 1072 se,
1389 1020 1466 1063 sed
1503 1020 1583 1063 ad-

103 1094 298 1132 vocatum
337 1089 479 1131 Flavii
501 1090 723 1145 Archippi,
761 1091 885 1142 cujus
922 1087 1119 1130 mandata
1155 1087 1422 1142 pertulisset.
1496 1088 1584 1129 Ar-

103 1157 308 1212 chippus,
347 1157 414 1198 cui
451 1155 709 1213 Eumolpus,
746 1157 855 1198 sicut
893 1153 1127 1207 Prusiade,
1166 1152 1429 1211 adsistebat,
1480 1154 1586 1196 dixit

103 1237 153 1266 se
191 1224 376 1267 libellum
422 1223 629 1266 daturum.
711 1223 777 1264 Ita
823 1235 902 1264 nec
938 1221 1175 1276 Eumolpus
1219 1233 1300 1262 nec
1336 1220 1583 1277 Archippus

103 1303 227 1346 quam
272 1291 459 1346 plurimis
496 1289 646 1334 diebus
683 1289 950 1344 exspectatis
994 1287 1132 1329 adhuc
1166 1287 1265 1328 mihi
1303 1288 1468 1330 libellos
1504 1287 1586 1330 de-

104 1357 280 1401 derunt:
329 1357 441 1401 Dion
480 1356 624 1417 dedit,
662 1370 785 1415 quem
822 1355 919 1398 huic
955 1355 1167 1411 epistolae
1197 1354 1334 1408 Junxi.
1403 1354 1509 1410 Ipse
1545 1354 1585 1396 in

105 1547 331 1587 elegantcreu
357 1545 668 1586 Sp1·acligel›1·.·1u(:h
703 1545 766 1575 der
792 1544 935 1575 Riimer.
993 1545 1112 1575 Vt'enn
1145 1543 1218 1573 sich
1247 1540 1395 1572 uiiurlich
1422 1540 1483 1571 mit
1507 1539 1584 1570 dem

103 1604 308 1634 substantiv
349 1603 412 1632 der
444 1602 528 1631 siun
568 1602 667 1630 einer
708 1606 1072 1639 vorausgegangenen
1106 1599 1312 1636 Bewegung
1351 1594 1440 1625 nach
1474 1595 1586 1625 einem

106 1660 214 1698 Orte‚
252 1659 363 1689 bevor
397 1657 452 1688 die
478 1657 525 1686 im
552 1656 670 1687 Verbo
695 1656 895 1687 euthaltene
923 1654 1106 1693 Haudluug
1143 1660 1210 1682 vor
1234 1650 1309 1681 sich
1334 1650 1447 1689 gehen
1481 1649 1588 1682 kann,

107 1714 300 1745 verbiuden
321 1714 419 1748 liisst,
447 1713 567 1742 uiuunt
592 1712 628 1741 ἱη
657 1713 689 1741 in
708 1711 820 1751 Folge
846 1707 1165 1741 einen-Attraciion
1191 1706 1320 1736 ostden
1347 1706 1474 1736 AccuS.
1500 1707 1590 1737 statt

107 1771 168 1801 des
194 1771 359 1800 Ahlativs
392 1776 456 1805 au3
489 1776 529 1796 so
556 1767 661 1797 hesse
693 1768 764 1797 sich
792 1767 866 1796 hier
889 1763 1089 1805 profectus
1115 1763 1209 1793 recht
1243 1763 1304 1800 gut
1330 1761 1363 1791 in
1391 1759 1588 1791 Gedanken

108 1826 302 1866 supplireu.
368 1825 441 1855 Nur
475 1823 614 1853 rutichte
657 1823 732 1853 hier
767 1822 898 1852 Plinius
938 1821 1036 1852 diese
1068 1817 1320 1849 construction
1362 1823 1491 1856 wcgeu
1526 1814 1589 1847 des

106 1881 307 1923 miiglicheu
334 1879 590 1918 Doppelsiuues
618 1879 824 1909 vermicdeu
851 1876 976 1907 haben.

198 1968 229 1999 4.
261 1968 323 1999 ζ’ὸὶ
347 1976 430 1999 cum
457 1968 715 2004 consedissem]
752 1966 818 1997 Dic
849 1965 999 1996 anesten
1027 1962 1214 2003 Ausgubeu
1240 1958 1304 1991 ubi
1330 1958 1588 1998 consedissem,

108 2026 175 2056 seit
192 2025 322 2055 Aldus:
349 2024 408 2054 ubi
432 2023 616 2054 sedissem.
666 2024 744 2053 Nun
770 2024 816 2052 ist
840 2029 878 2052 es
904 2027 1007 2050 zwar
1025 2019 1167 2056 richtig‚
1191 2015 1405 2047 woraufdie
1419 2013 1591 2045 Erkh'irer

109 2081 185 2111 sich
212 2080 372 2118 berufeu,
397 2078 482 2109 dass
506 2078 628 2109 sedere
653 2077 717 2109 der
741 2073 1034 2117 cigenthiimliche
1051 2071 1243 2103 Ausdruck
1267 2070 1314 2100 ist
1338 2076 1421 2099 vom
1437 2068 1591 2106 Richter,

109 2137 172 2167 der
195 2135 340 2167 Gericht
365 2135 446 2173 hiilt,
470 2134 575 2165 alleiu
601 2134 646 2164 da
669 2134 703 2164 iu
730 2132 862 2163 diesem
877 2132 983 2161 Sinue
1008 2129 1084 2159 hier
1108 2125 1267 2157 sederem
1293 2125 1467 2155 erwartet
1489 2129 1590 2153 wer-

112 2191 178 2222 den
204 2189 358 2231 miisste,
391 2199 433 2221 so
467 2190 524 2220 hat
549 2189 661 2220 Orelli
695 2188 831 2228 gewiss
858 2187 917 2217 mit
942 2184 1070 2223 Recht,
1102 2182 1145 2212 da
1168 2188 1248 2211 cum
1274 2187 1401 2219 wcgeu
1436 2177 1498 2208 des
1523 2177 1593 2207 sol-

111 2247 250 2288 genden
274 2254 343 2278 con.
369 2246 472 2278 leicht
496 2245 666 2277 aussahen
694 2244 843 2281 houme,
880 2241 935 2273 dic
961 2248 1029 2271 vou
1054 2246 1119 2269 uns
1144 2236 1439 2276 aufgeuommene
1464 2233 1592 2264 Lesart

113 2304 325 2335 vernuuhet.

205 2371 394 2410 tamquam
420 2370 468 2405 si]
497 2368 629 2399 konuut
643 2365 838 2403 allen-diugs
864 2364 918 2394 bei
944 2361 1082 2393 keineiu
1108 2358 1324 2390 classiseheu
1338 2352 1595 2385 schriftsteller

116 2427 175 2456 mit
204 2424 281 2455 dem
309 2424 452 2454 blosscu
478 2423 629 2462 Pax-ticip
657 2431 742 2461 vor,
779 2418 939 2451 denuoch
965 2418 1096 2447 musste
1121 2422 1160 2445 es
1186 2413 1264 2443 hier
1287 2409 1349 2442 auf
1369 2410 1424 2440 die
1451 2408 1595 2445 Geram,

117 2487 258 2511 unserm
283 2479 543 2510 Schriftsteller
567 2479 669 2509 einen
694 2476 934 2509 Soloecismus
958 2467 1220 2508 auszubiirden,
1245 2466 1331 2498 uach
1359 2465 1436 2496 Ber.
1462 2464 1593 2494 Avant.

117 2535 193 2566 Cat.
217 2534 485 2575 aufgenommeu
509 2532 671 2564 werden.

209 2613 240 2642 6.
268 2611 468 2646 Prusiade]
494 2618 522 2640 s.
549 2618 594 2640 zu
618 2608 673 2647 10,
700 2608 754 2647 66,
779 2608 811 2636 5.

211 2689 292 2726 Ita]
320 2688 436 2720 durfte
473 2688 548 2718 hier
572 2686 695 2725 Gierig
729 2684 825 2715 nicht
857 2680 1036 2719 anstiissig
1061 2677 1195 2715 findeu3
1227 2676 1270 2707 da
1302 2682 1341 2706 es
1374 2673 1455 2704 sehr
1489 2671 1540 2702 oft
1565 2671 1599 2700 in

120 2746 241 2777 seiner
276 2743 474 2783 Bedeutung
506 2743 582 2773 sich
614 2741 694 2772 tum
729 2738 854 2770 nithert
888 2736 958 2766 und
990 2733 1119 2765 durch:
1167 2732 1301 2772 „witer
1331 2728 1474 2760 solchen
1513 2724 1600 2756 Um-

122 2798 315 2831 stazndew‘
340 2796 523 2828 iibersetzt
547 2796 693 2826 werden
718 2787 892 2833 kann,'so
919 2789 1002 2821 liisst
1029 2797 1067 2820 es
1092 2788 1164 2819 sich
1190 2784 1319 2827 fiiglich
1345 2784 1422 2815 hier
1446 2781 1601 2812 wieder-

123 2856 257 2897 gebcn:
306 2854 405 2894 „Nun
432 2853 541 2883 haben
566 2848 730 2882 weder“.

213 2919 450 2962 eoespectatz's]
481 2916 538 2950 fiir
561 2918 617 2949 die
643 2916 763 2957 Vulg.:
789 2911 1007 2955 exspectati,
1033 2910 1120 2943 nach
1145 2909 1212 2940 den
1236 2906 1389 2938 anesten
1414 2904 1545 2943 Ausgg.

1183 2960 1270 2999 24*
