1855 3200
694 180 793 219 liber
822 179 974 219 tertius.
1490 177 1594 223 187

107 299 337 356 praesente
379 294 597 338 recitasti:
643 295 683 337 si
727 294 851 339 modo
896 294 994 338 mibi
1038 307 1124 338 non
1166 294 1368 352 imposuit
1401 298 1593 342 recitatio

107 370 206 425 tua3
241 363 353 420 legis
390 364 501 406 enim
535 363 792 407 suavissime
814 367 858 406 et
877 363 1148 420 peritissime.
1221 359 1400 406 Confido
1434 367 1593 419 tamen,

107 444 280 477 menon
316 432 379 474 sie
414 431 587 474 auribus
606 430 719 489 duci,
758 436 803 474 ut
821 444 970 474 omnes
988 431 1131 474 aculei
1159 430 1308 487 judicii
1326 432 1407 475 mei
1426 432 1595 475 illarum

109 499 392 546 delinimentis
418 499 719 555 refringantur.
790 499 1061 543 Hebetentur
1085 500 1272 543 fortasse
1298 504 1341 543 et
1358 500 1595 556 paullulum

104 566 415 626 retundantur>
475 568 606 611 evelli
653 566 825 624 quidem
873 568 1209 625 extorquerique
1266 581 1350 611 non
1396 572 1593 625 possunt.

106 634 245 692 Igitur
290 647 373 678 non
418 638 579 679 temere
614 638 705 691 jam
750 647 863 678 nunc
910 634 966 679 de
1011 636 1293 680 universitate
1336 637 1594 694 pronuntio:

108 704 165 747 de
196 702 391 760 partibus
426 703 628 762 experiar
663 702 864 761 legendo.
936 703 1065 748 Vale.

775 858 942 904 XVI·

486 967 540 1018 C.
577 968 768 1018 Plinius
803 967 991 1033 Nepoti
1023 968 1131 1020 Suo
1165 969 1222 1018 S.

243 1074 496 1119 Adnotasse
532 1074 699 1133 videor,
737 1076 851 1119 facta
886 1074 1083 1132 dictaque
1101 1076 1294 1120 virorum
1316 1077 1596 1121 feminarum-

108 1155 192 1200 que
228 1143 453 1185 illustrium
487 1143 571 1184 alia
607 1144 790 1185 clariora
826 1156 941 1200 esse,
979 1144 1062 1185 alia
1086 1146 1263 1200 maJora.
1335 1143 1596 1189 Confirmata

108 1215 179 1254 est
214 1210 356 1267 opinio
391 1222 485 1253 mea
521 1210 726 1253 hesterno
762 1211 957 1253 Fanniae
1001 1223 1215 1254 sermone.
1296 1213 1452 1268 Neptis
1489 1213 1597 1257 haec

106 1278 263 1321 Arriae
299 1278 427 1335 illius⁷
465 1290 576 1334 quae
600 1278 753 1320 marito
791 1282 834 1320 et
868 1278 1066 1320 solatium
1090 1279 1238 1321 mortis
1275 1284 1318 1323 et
1354 1281 1596 1337 exemplum

104 1345 196 1387 fuit.
274 1345 412 1387 Multa
454 1345 672 1388 referebat
718 1345 846 1389 aviae
890 1357 998 1388 suae
1042 1358 1127 1388 non
1163 1348 1327 1390 minora
1361 1347 1468 1406 hoc,
1517 1348 1596 1392 sed

105 1412 378 1456 obscuriora:
425 1425 535 1469 quae
572 1413 647 1455 tibi
685 1413 884 1457 existimo
921 1417 1006 1456 tam
1040 1414 1252 1457 mirabilia
1287 1416 1452 1471 legenti
1487 1416 1594 1475 fore,

107 1491 233 1535 quam
267 1480 369 1523 mihi
404 1479 594 1524 audienti
628 1480 815 1524 fuerunt.
885 1481 1158 1538 Aegrotabat
1190 1479 1379 1527 Caecina
1414 1484 1593 1543 Paetus,

107 1547 284 1588 maritus
330 1549 445 1606 ejus3
494 1548 746 1603 aegrotabat
781 1552 825 1592 et
858 1548 969 1591 filius
982 1581 996 1607 ,
1042 1553 1224 1607 uterque
1257 1552 1500 1611 mortifere,
1548 1555 1596 1595 ut

106 1722 210 1754 sucht
233 1722 356 1763 baben,
384 1723 499 1755 erhiilt
523 1723 582 1756 die
604 1724 712 1757 Stelle
737 1725 804 1757 den
829 1723 1082 1758 natiirlichsten
1107 1727 1205 1758 Sinn.
1251 1727 1327 1761 Das
1350 1728 1492 1771 Werk,
1517 1732 1598 1772 sagt

106 1778 256 1820 Plinius,
281 1779 316 1809 in
342 1780 466 1811 seiner
479 1780 755 1821 Allgemeinheit
778 1781 979 1822 (quantum
1004 1783 1072 1824 est,
1099 1785 1228 1815 unten:
1253 1783 1297 1816 de
1320 1785 1597 1828 universitate),

106 1834 271 1865 verdient
296 1835 433 1875 gewiss
458 1835 515 1867 die
531 1837 778 1878 Herausgabe3
804 1846 846 1869 so
870 1839 954 1870 sehr
977 1839 1036 1870 hat
1061 1847 1100 1870 es
1123 1841 1266 1872 meinen
1280 1840 1408 1873 Beifall
1425 1842 1600 1884 erhalten,

103 1897 212 1921 wenu
236 1890 292 1921 ich
316 1891 409 1921 nach
434 1890 513 1922 dem
528 1892 706 1924 urtheilen
731 1893 824 1934 darf,
847 1901 930 1925 was
955 1893 1002 1926 du
1026 1896 1094 1926 mir
1108 1895 1242 1927 bereits
1266 1897 1480 1938 mitgetheilt
1502 1899 1598 1938 msc,

194 1957 402 1998 imponere]
428 1956 486 1989 tiir
510 1958 676 2000 decipere
700 1969 804 1992 zwar
829 1962 941 1993 sebon
965 1963 1153 2005 einigemal
1177 1963 1233 1995 bei
1256 1963 1462 2006 Friiheren,
1486 1967 1598 1999 selbst

106 2011 248 2053 Cicero,
273 2013 364 2044 doch
388 2014 602 2046 namentlich
627 2016 678 2047 oft
701 2016 759 2048 bei
783 2016 849 2048 den
865 2018 1130 2059 Zeitgenossen
1154 2019 1217 2052 des
1242 2020 1467 2054 Plin.senec.
1495 2023 1597 2063 epist.

103 2067 160 2100 25.
185 2068 298 2099 Tacit.
324 2068 415 2100 Hist.
441 2069 473 2111 1,
497 2069 553 2101 30.

195 2134 229 2166 4.
254 2135 446 2173 hebetare]
473 2138 547 2169 wie
574 2146 656 2171 vom
677 2138 866 2174 Schwerdt
889 2140 1019 2181 Paneg.
1046 2139 1146 2180 18‚3.
1173 2149 1214 2173 so
1239 2142 1318 2174 hier
1341 2151 1425 2176 vom
1440 2145 1596 2187 Stachel,

104 2190 171 2224 der
195 2192 298 2223 seine
324 2193 448 2232 Spitze
472 2194 631 2234 verliert‚
657 2195 749 2227 dann
774 2197 862 2229 auch
888 2196 1027 2228 bildlich
1050 2197 1114 2228 aus
1133 2198 1201 2229 den
1225 2198 1327 2231 Geist
1351 2200 1463 2232 selbst
1486 2197 1598 2232 iiber-

104 2250 282 2288 getragen
317 2248 352 2290 S,
378 2247 431 2290 14,
454 2249 488 2280 9.
544 2251 609 2282 Ein
643 2250 826 2284 {ihnliches
857 2252 932 2284 Bild
964 2253 1021 2285 bei
1053 2253 1196 2292 Quintil.
1231 2254 1286 2296 10,
1310 2257 1347 2298 5,
1374 2256 1436 2289 16:
1472 2264 1594 2290 mucro

104 2303 238 2345 ingenii
261 2303 477 2337 retunditur.

194 2389 328 2426 XVI.
353 2391 511 2436 Nepoti]
537 2403 565 2426 s.
592 2404 638 2427 zu
660 2396 694 2438 2,
719 2398 750 2428 3.

193 2459 224 2492 1.
250 2461 451 2498 adnotare]
490 2462 527 2493 in
551 2462 614 2494 der
637 2463 821 2496 einfachen
847 2465 1054 2506 Bedeutung
1088 2475 1162 2498 von
1185 2466 1392 2509 observare,
1417 2469 1592 2502 animad-

104 2515 265 2557 vertere,
289 2518 376 2548 auch
401 2517 440 2558 ¹7,
459 2517 519 2559 20,
545 2519 577 2549 6.
603 2519 733 2560 Paneg.
759 2520 817 2561 56,
843 2519 873 2551 1.
899 2521 993 2552 Suet.
1019 2522 1105 2554 Ner.
1129 2521 1186 2553 41.

191 2581 298 2622 facta
320 2582 514 2623 dictaque]
540 2585 702 2617 derselbe
726 2586 897 2618 Gedauke
921 2587 955 2629 6,
979 2587 1035 2629 24,
1062 2587 1094 2619 1.
1121 2587 1267 2621 Cornel.
1288 2590 1436 2624 Eumen.
1460 2592 1492 2624 1.

193 2647 227 2679 2.
251 2646 425 2685 Fannia]
460 2649 581 2681 Gattin
613 2650 678 2683 des
701 2652 886 2684 Helvidius
911 2654 1057 2686 Priscus
1082 2656 1202 2689 theilte
1224 2658 1292 2690 mit
1324 2659 1434 2691 ihrem
1459 2659 1589 2692 Gatten

105 2702 161 2734 die
183 2701 358 2744 gliihende
381 2704 648 2738 Freiheitsliebe
672 2708 739 2738 und
761 2710 847 2749 ging
870 2711 1041 2742 zweimal
1063 2714 1124 2744 mit
1148 2713 1219 2744 ihm
1242 2715 1310 2746 in’s
1333 2716 1430 2755 Exil,
1463 2716 1591 2748 wurde

103 2759 193 2789 auch
226 2759 339 2791 selhst
373 2760 418 2791 93
442 2769 476 2793 n.
503 2760 586 2792 Chr.
621 2770 704 2794 vom
740 2763 918 2796 Domitian
956 2767 990 2797 in
1035 2766 1091 2799 die
1126 2769 1364 2813 verbannung
1398 2772 1591 2812 geschickt

103 2813 136 2852 3,
164 2813 217 2854 11,
240 2815 274 2846 3.
320 2815 410 2848 Ptin.
435 2817 478 2848 ist
501 2817 599 2849 ihres
622 2818 776 2857 Ruhmes
802 2821 876 2853 voll
900 2822 934 2862 7,
961 2822 1011 2854 19.
1038 2825 1104 2857 und
1130 2826 1232 2859 nahm
1257 2827 1324 2860 den
1349 2827 1590 2862 lebhaftesten

105 2868 246 2902 Antheil
270 2877 314 2903 an
339 2872 449 2905 ibrem
475 2872 663 2907 Gescbick.

1637 1091 1660 1127 ἢ
