1855 3200
198 200 303 247 280
740 204 857 243 Plinii
894 205 1147 253 epistolarum

160 320 363 367 3Videor
398 334 502 377 ergo
537 320 732 364 munifice
767 320 891 362 simul
915 320 1208 378 religioseque
1231 321 1434 376 facturus,
1471 322 1510 365 si
1533 321 1682 367 aedem

199 402 327 447 quam
371 389 693 446 pulcherrimam
739 392 1017 444 exstruxero,
1076 387 1282 432 addidero
1329 391 1522 446 porticus
1568 390 1684 434 aedi:

199 458 316 500 illam
352 457 404 499 ad
429 469 550 499 usum
572 455 712 513 Deae,
751 455 831 496 has
867 454 921 497 ad
957 455 1181 498 hominum.
1254 456 1395 500 Velim
1430 471 1534 514 ergo
1567 470 1684 502 emas

199 530 382 583 quatuor
417 535 680 566 marmoreas
726 523 968 577 columnas,
1012 525 1135 579 cujus
1178 524 1250 566 tibi
1299 523 1512 568 videbitur
1546 540 1685 582 gene-

199 594 284 651 ris3
324 603 442 635 emas
476 603 710 647 marmora,
747 591 899 647 quibus
935 592 1097 646 solum,
1135 592 1289 649 quibus
1323 594 1515 648 parietes
1551 607 1686 638 exco-

161 661 355 704 4lantur.
436 657 535 701 Erit
583 659 709 702 etiam
755 659 828 702 vel
877 659 1116 703 faciendum
1162 660 1234 703 vel
1281 660 1504 704 emendum
1548 661 1686 722 ipsius

197 728 325 771 Deae
360 727 544 784 signum,
579 726 679 783 quia
713 726 934 783 antiquum
968 727 1073 770 illud
1109 741 1134 771 e
1170 728 1288 784 ligno
1326 727 1577 785 quibusdam
1615 729 1686 772 sui

158 797 186 836 5
196 794 393 854 partibus
428 798 654 839 vetustate
690 799 930 838 truncatum
974 799 1053 839 est.
1136 793 1348 849 Quantum
1383 796 1438 839 ad
1473 797 1685 854 porticus,

197 863 303 906 nihil
338 862 512 906 interim
547 863 746 920 occurrit,
785 862 896 920 quod
934 862 1133 908 videatur
1168 864 1324 907 isthinc
1352 877 1457 909 esse
1480 869 1687 922 repeten-

198 930 318 973 dum:
355 931 436 974 nisi
472 934 626 984 tamen,
661 936 708 974 ut
742 931 916 974 formam
952 932 1186 975 secundum
1210 933 1418 976 rationem
1453 933 1537 976 loci
1573 934 1688 977 scri-

198 999 298 1042 bas:
346 1012 490 1056 neque
525 999 637 1042 enim
672 1003 857 1056 possunt
893 1000 1144 1043 circumdari
1180 1000 1358 1058 templo3
1409 1013 1505 1044 nam
1550 1001 1687 1045 solum

197 1067 344 1124 templi
379 1067 479 1110 hinc
514 1066 684 1110 flumine
721 1072 764 1110 et
799 1067 1113 1125 abruptissimis
1149 1068 1272 1125 ripis,
1309 1068 1406 1112 hinc
1441 1069 1515 1113 via
1548 1070 1687 1126 cingi-

160 1138 281 1178 6tur.
350 1134 435 1178 Est
468 1136 580 1177 ultra
617 1136 731 1179 viam
766 1135 1018 1180 latissimum
1054 1141 1234 1194 pratum,
1270 1137 1311 1178 in
1348 1149 1430 1193 quo
1454 1137 1564 1180 satis
1583 1142 1684 1194 apte

196 1206 347 1246 contra
388 1204 586 1259 templum
632 1204 772 1259 ipsum
820 1205 1011 1259 porticus
1056 1204 1407 1260 explicabuntur:
1454 1205 1539 1247 nisi
1584 1204 1682 1261 quid

194 1275 241 1314 tu
274 1271 428 1313 melius
474 1271 723 1329 inveneris,
771 1271 844 1328 qui
887 1272 1005 1314 soles
1041 1273 1228 1315 locorum
1271 1271 1545 1316 difficultates
1588 1276 1682 1317 arte

195 1350 420 1396 superare,
492 1337 619 1381 Vale.

876 1490 1002 1535 XL.

575 1600 629 1650 C.
667 1602 857 1652 Plinius
891 1601 1061 1653 Fusco
1097 1600 1204 1651 Suo
1239 1601 1294 1650 S.

155 1717 179 1755 1
332 1708 500 1753 Scribis
546 1714 776 1766 pergratas
820 1710 896 1752 tibi
942 1710 1078 1754 fuisse
1123 1710 1272 1752 literas
1324 1722 1471 1765 meas,
1528 1711 1681 1768 quibus

194 1777 463 1835 cognovisti,
509 1777 864 1834 quemadmodum
900 1778 943 1820 in
981 1779 1141 1821 Tuscis
1177 1778 1306 1820 otium
1350 1777 1535 1821 aestatis
1584 1779 1680 1822 exi-

193 1858 367 1901 gerem:
411 1845 623 1901 requiriS,
671 1845 772 1902 quid
819 1860 873 1890 ex
910 1846 990 1889 hoc
1024 1847 1067 1888 in
1105 1845 1367 1888 Laurentino
1403 1845 1541 1889 hieme
1576 1859 1680 1902 per-

193 1917 365 1956 mutem.
451 1912 592 1967 Nihil,
648 1914 729 1955 nisi
775 1915 886 1971 quod
936 1913 1195 1958 meridianus
1248 1925 1421 1955 somnus
1467 1913 1678 1970 eximitur,

194 1980 454 2037 multumque
489 1979 545 2023 de
579 1985 705 2025 nocte
741 1983 815 2026 vel
851 1986 951 2027 ante
986 1983 1057 2026 vel
1095 1986 1196 2039 post
1231 1979 1345 2024 diem
1380 1982 1584 2024 sumitur:
1622 1986 1678 2037 et,

284 2157 317 2191 4.
344 2158 588 2197 truncatum]
614 2170 659 2189 =
682 2169 872 2203 mcmcum,
896 2167 1056 2194 exesum.
1097 2160 1166 2193 Die
1196 2159 1387 2193 variante:
1419 2160 1678 2193 obtruncatum

194 2214 292 2257 giebt
314 2215 444 2248 keinen
471 2216 569 2248 Sinn.

284 2306 317 2338 5.
340 2303 484 2345 formu]
510 2315 555 2333 =
578 2305 866 2347 iclmoyraphz'cc,
899 2305 1113 2348 delineatio,
1143 2305 1204 2337 ein
1229 2306 1334 2348 Riss,
1358 2306 1467 2339 daher
1496 2308 1583 2339 auch
1608 2307 1674 2339 dc-

190 2361 362 2403 sormare
385 2359 445 2394 fiir
469 2362 658 2395 delineare
681 2363 822 2394 vitruv.
847 2361 878 2403 1,
904 2361 933 2393 1.
991 2364 1088 2394 Auch
1120 2362 1284 2394 scribere
1318 2364 1411 2396 wird
1435 2364 1509 2396 wie
1535 2360 1677 2408 γράφειν

194 2418 246 2450 oft
272 2426 342 2450 von
367 2417 432 2450 der
454 2417 572 2451 Kunst
596 2419 659 2451 des
683 2419 886 2451 zeiclmens
911 2419 1112 2461 gebraucht,
1137 2418 1235 2450 also:
1259 2421 1387 2461 „einen
1407 2420 1490 2452 Riss
1514 2423 1676 2453 entwer-

193 2474 270 2514 fen,
296 2483 340 2507 zu
364 2475 490 2516 Papier
513 2473 700 2517 bringen.“

284 2552 369 2585 hinc
392 2569 436 2577 -
460 2552 568 2592 hinc]
593 2552 649 2587 fiir
671 2554 755 2586 hinc
783 2571 824 2578 —-
848 2553 952 2586 illinc
984 2553 1179 2588 brauchten
1209 2554 1496 2588 nachclassische
1527 2554 1673 2586 Schrift-

194 2604 317 2638 stellet
339 2610 428 2641 nach
454 2609 533 2642 dem
558 2610 731 2652 Beispielc
754 2611 817 2643 der
840 2610 998 2643 Dichter.

285 2691 390 2731 xm.
416 2696 555 2738 Fusco]
580 2709 610 2732 s.
634 2710 679 2733 zu
704 2700 739 2743 7,
763 2701 795 2732 9.

285 2783 319 2817 1.
346 2784 494 2823 literas]
520 2795 549 2819 s.
573 2797 621 2820 zu
645 2791 675 2829 9,
701 2791 756 2822 36.

281 2852 500 2895 permutem]
525 2852 584 2885 fiir
605 2857 745 2888 mutem.
793 2858 859 2890 Die
883 2857 1025 2898 spiitere
1049 2855 1220 2890 Latinitiit
1243 2857 1349 2890 liebte
1372 2864 1431 2900 εει,
1465 2856 1671 2897 composita

195 2916 241 2943 zu
263 2910 401 2950 setzen,
424 2916 486 2942 wo
510 2908 573 2942 das
597 2910 759 2943 einsache
784 2913 939 2945 Verbum
963 2914 1173 2947 ausreiohte.
