<?xml version="1.0" encoding="UTF-8"?>
<!DOCTYPE html PUBLIC "-//W3C//DTD XHTML 1.0 Transitional//EN"
    "http://www.w3.org/TR/xhtml1/DTD/xhtml1-transitional.dtd">
<html xmlns="http://www.w3.org/1999/xhtml" xml:lang="en" lang="en">
 <head>
  <title>
</title>
<meta http-equiv="Content-Type" content="text/html;charset=utf-8" />
  <meta name='ocr-system' content='tesseract 3.04.00' />
  <meta name='ocr-capabilities' content='ocr_page ocr_carea ocr_par ocr_line ocrx_word'/>
</head>
<body>
  <div class='ocr_page' id='page_1' title='image "./epistolae01plinuoft_0273.png"; bbox 0 0 1855 3200; ppageno 0'>
   <div class='ocr_carea' id='block_1_1' title="bbox 675 189 1595 241">
    <p class='ocr_par' dir='ltr' id='par_1_1' title="bbox 675 189 1595 241">
     <span class='ocr_line' id='line_1_1' title="bbox 675 189 1595 241; baseline -0.001 -10"><span class='ocrx_word' id='word_1_1' title='bbox 675 194 773 231; x_wconf 87' lang='lat' dir='ltr'><strong>liber</strong></span> <span class='ocrx_word' id='word_1_2' title='bbox 804 195 980 241; x_wconf 73' lang='lat' dir='ltr'><strong>quartus.</strong></span> <span class='ocrx_word' id='word_1_3' title='bbox 1487 189 1595 236; x_wconf 71' lang='lat'><strong>229</strong></span> 
     </span>
    </p>
   </div>
   <div class='ocr_carea' id='block_1_2' title="bbox 77 305 1647 1040">
    <p class='ocr_par' dir='ltr' id='par_1_2' title="bbox 77 305 1647 1040">
     <span class='ocr_line' id='line_1_2' title="bbox 111 305 1598 366; baseline 0.001 -15"><span class='ocrx_word' id='word_1_4' title='bbox 111 315 274 366; x_wconf 85' lang='lat' dir='ltr'><strong>tempus</strong></span> <span class='ocrx_word' id='word_1_5' title='bbox 309 306 537 364; x_wconf 76' lang='lat' dir='ltr'><strong>amisisset,</strong></span> <span class='ocrx_word' id='word_1_6' title='bbox 576 307 686 363; x_wconf 83' lang='lat' dir='ltr'><strong>qnod</strong></span> <span class='ocrx_word' id='word_1_7' title='bbox 715 312 945 364; x_wconf 77' lang='lat' dir='ltr'><strong>acceperat</strong></span> <span class='ocrx_word' id='word_1_8' title='bbox 969 308 1137 351; x_wconf 83' lang='lat' dir='ltr'><strong>scribae</strong></span> <span class='ocrx_word' id='word_1_9' title='bbox 1160 305 1353 361; x_wconf 82' lang='lat' dir='ltr'><strong>daturuS,</strong></span> <span class='ocrx_word' id='word_1_10' title='bbox 1389 308 1598 352; x_wconf 78' lang='lat' dir='ltr'><strong>intellexit</strong></span> 
     </span>
     <span class='ocr_line' id='line_1_3' title="bbox 77 373 1647 432; baseline -0.001 -11"><span class='ocrx_word' id='word_1_11' title='bbox 77 382 154 428; x_wconf 68' lang='lat' dir='ltr'><strong>,et</strong></span> <span class='ocrx_word' id='word_1_12' title='bbox 188 375 335 418; x_wconf 77' lang='lat' dir='ltr'><strong>statuit</strong></span> <span class='ocrx_word' id='word_1_13' title='bbox 371 373 598 418; x_wconf 75' lang='lat' dir='ltr'><strong>subsidere</strong></span> <span class='ocrx_word' id='word_1_14' title='bbox 633 375 744 432; x_wconf 85' lang='lat' dir='ltr'><strong>apud</strong></span> <span class='ocrx_word' id='word_1_15' title='bbox 783 389 834 418; x_wconf 89' lang='lat' dir='ltr'><strong>se</strong></span> <span class='ocrx_word' id='word_1_16' title='bbox 868 387 954 418; x_wconf 87' lang='lat' dir='ltr'><strong>non</strong></span> <span class='ocrx_word' id='word_1_17' title='bbox 978 380 1191 432; x_wconf 82' lang='lat' dir='ltr'><strong>oportere.</strong></span> <span class='ocrx_word' id='word_1_18' title='bbox 1263 375 1418 432; x_wconf 81' lang='lat' dir='ltr'><strong>Itaque</strong></span> <span class='ocrx_word' id='word_1_19' title='bbox 1438 389 1593 419; x_wconf 74' lang='lat' dir='ltr'><strong>rever-</strong></span> <span class='ocrx_word' id='word_1_20' title='bbox 1639 389 1647 398; x_wconf 94' lang='lat'><strong>·</strong></span> 
     </span>
     <span class='ocr_line' id='line_1_4' title="bbox 111 438 1596 501; baseline 0 -16"><span class='ocrx_word' id='word_1_21' title='bbox 111 456 188 485; x_wconf 90' lang='lat' dir='ltr'><strong>sus</strong></span> <span class='ocrx_word' id='word_1_22' title='bbox 209 438 459 499; x_wconf 79' lang='lat' dir='ltr'><strong>Caesarem,</strong></span> <span class='ocrx_word' id='word_1_23' title='bbox 497 440 667 498; x_wconf 84' lang='lat' dir='ltr'><strong>deinde,</strong></span> <span class='ocrx_word' id='word_1_24' title='bbox 705 440 899 486; x_wconf 81' lang='lat' dir='ltr'><strong>Caesare</strong></span> <span class='ocrx_word' id='word_1_25' title='bbox 921 447 1113 501; x_wconf 88' lang='lat' dir='ltr'><strong>auctore,</strong></span> <span class='ocrx_word' id='word_1_26' title='bbox 1139 441 1349 487; x_wconf 78' lang='lat' dir='ltr'><strong>Senatum</strong></span> <span class='ocrx_word' id='word_1_27' title='bbox 1369 443 1596 498; x_wconf 84' lang='lat' dir='ltr'><strong>consuluit,</strong></span> 
     </span>
     <span class='ocr_line' id='line_1_5' title="bbox 110 508 1595 568; baseline 0.001 -17"><span class='ocrx_word' id='word_1_28' title='bbox 110 509 208 567; x_wconf 89' lang='lat' dir='ltr'><strong>quid</strong></span> <span class='ocrx_word' id='word_1_29' title='bbox 246 509 336 552; x_wconf 84' lang='lat' dir='ltr'><strong>fieri</strong></span> <span class='ocrx_word' id='word_1_30' title='bbox 372 508 427 553; x_wconf 88' lang='lat' dir='ltr'><strong>de</strong></span> <span class='ocrx_word' id='word_1_31' title='bbox 461 509 618 552; x_wconf 87' lang='lat' dir='ltr'><strong>salario</strong></span> <span class='ocrx_word' id='word_1_32' title='bbox 655 509 804 553; x_wconf 85' lang='lat' dir='ltr'><strong>vellet.</strong></span> <span class='ocrx_word' id='word_1_33' title='bbox 876 510 1024 554; x_wconf 89' lang='lat' dir='ltr'><strong>Parva</strong></span> <span class='ocrx_word' id='word_1_34' title='bbox 1059 511 1285 568; x_wconf 80' lang='lat' dir='ltr'><strong>quaestio,</strong></span> <span class='ocrx_word' id='word_1_35' title='bbox 1329 508 1410 553; x_wconf 83' lang='lat' dir='ltr'><strong>sed</strong></span> <span class='ocrx_word' id='word_1_36' title='bbox 1453 515 1595 554; x_wconf 87' lang='lat' dir='ltr'><strong>tamen</strong></span> 
     </span>
     <span class='ocr_line' id='line_1_6' title="bbox 108 576 1595 635; baseline 0.001 -16"><span class='ocrx_word' id='word_1_37' title='bbox 108 577 320 635; x_wconf 75' lang='lat' dir='ltr'><strong>quaestio.</strong></span> <span class='ocrx_word' id='word_1_38' title='bbox 391 576 596 620; x_wconf 84' lang='lat' dir='ltr'><strong>Heredes</strong></span> <span class='ocrx_word' id='word_1_39' title='bbox 632 577 802 620; x_wconf 87' lang='lat' dir='ltr'><strong>scribae</strong></span> <span class='ocrx_word' id='word_1_40' title='bbox 846 577 953 634; x_wconf 89' lang='lat' dir='ltr'><strong>sibi,</strong></span> <span class='ocrx_word' id='word_1_41' title='bbox 996 578 1210 633; x_wconf 86' lang='lat' dir='ltr'><strong>praefecti</strong></span> <span class='ocrx_word' id='word_1_42' title='bbox 1245 578 1401 621; x_wconf 88' lang='lat' dir='ltr'><strong>aerarii</strong></span> <span class='ocrx_word' id='word_1_43' title='bbox 1436 579 1595 634; x_wconf 81' lang='lat' dir='ltr'><strong>populo</strong></span> 
     </span>
     <span class='ocr_line' id='line_1_7' title="bbox 109 643 1597 698; baseline -0.001 -10"><span class='ocrx_word' id='word_1_44' title='bbox 109 643 399 689; x_wconf 78' lang='lat' dir='ltr'><strong>vindicabant.</strong></span> <span class='ocrx_word' id='word_1_45' title='bbox 471 645 586 688; x_wconf 84' lang='lat' dir='ltr'><strong>Acta</strong></span> <span class='ocrx_word' id='word_1_46' title='bbox 618 656 778 687; x_wconf 77' lang='lat' dir='ltr'><strong>caussa</strong></span> <span class='ocrx_word' id='word_1_47' title='bbox 812 648 894 687; x_wconf 83' lang='lat' dir='ltr'><strong>est.</strong></span> <span class='ocrx_word' id='word_1_48' title='bbox 947 644 1071 687; x_wconf 81' lang='lat' dir='ltr'><strong>Dixit</strong></span> <span class='ocrx_word' id='word_1_49' title='bbox 1106 644 1312 688; x_wconf 88' lang='lat' dir='ltr'><strong>heredum</strong></span> <span class='ocrx_word' id='word_1_50' title='bbox 1339 644 1597 698; x_wconf 81' lang='lat' dir='ltr'><strong>advocatus,</strong></span> 
     </span>
     <span class='ocr_line' id='line_1_8' title="bbox 111 709 1596 769; baseline 0 -14"><span class='ocrx_word' id='word_1_51' title='bbox 111 711 267 756; x_wconf 87' lang='lat' dir='ltr'><strong>deinde</strong></span> <span class='ocrx_word' id='word_1_52' title='bbox 326 712 494 769; x_wconf 84' lang='lat' dir='ltr'><strong>populi:</strong></span> <span class='ocrx_word' id='word_1_53' title='bbox 544 716 725 768; x_wconf 71' lang='lat' dir='ltr'><strong>uterque</strong></span> <span class='ocrx_word' id='word_1_54' title='bbox 777 711 1090 769; x_wconf 81' lang='lat' dir='ltr'><strong>percommode.</strong></span> <span class='ocrx_word' id='word_1_55' title='bbox 1170 709 1388 755; x_wconf 82' lang='lat' dir='ltr'><strong>Caecilius</strong></span> <span class='ocrx_word' id='word_1_56' title='bbox 1436 711 1596 755; x_wconf 84' lang='lat' dir='ltr'><strong>Strabo</strong></span> 
     </span>
     <span class='ocr_line' id='line_1_9' title="bbox 111 778 1596 824; baseline 0 -2"><span class='ocrx_word' id='word_1_57' title='bbox 111 778 281 824; x_wconf 83' lang='lat' dir='ltr'><strong>aerario</strong></span> <span class='ocrx_word' id='word_1_58' title='bbox 314 779 486 822; x_wconf 87' lang='lat' dir='ltr'><strong>censuit</strong></span> <span class='ocrx_word' id='word_1_59' title='bbox 519 780 804 823; x_wconf 85' lang='lat' dir='ltr'><strong>inserendum:</strong></span> <span class='ocrx_word' id='word_1_60' title='bbox 841 780 1033 823; x_wconf 86' lang='lat' dir='ltr'><strong>Baebius</strong></span> <span class='ocrx_word' id='word_1_61' title='bbox 1054 779 1206 823; x_wconf 86' lang='lat' dir='ltr'><strong>Macer</strong></span> <span class='ocrx_word' id='word_1_62' title='bbox 1231 779 1463 822; x_wconf 85' lang='lat' dir='ltr'><strong>heredibus</strong></span> <span class='ocrx_word' id='word_1_63' title='bbox 1485 779 1596 822; x_wconf 84' lang='lat' dir='ltr'><strong>dan-</strong></span> 
     </span>
     <span class='ocr_line' id='line_1_10' title="bbox 113 844 1646 903; baseline -0.003 -13"><span class='ocrx_word' id='word_1_64' title='bbox 113 847 225 890; x_wconf 83' lang='lat' dir='ltr'><strong>dum.</strong></span> <span class='ocrx_word' id='word_1_65' title='bbox 303 844 494 889; x_wconf 86' lang='lat' dir='ltr'><strong>Obtinuit</strong></span> <span class='ocrx_word' id='word_1_66' title='bbox 539 845 715 890; x_wconf 88' lang='lat' dir='ltr'><strong>Strabo.</strong></span> <span class='ocrx_word' id='word_1_67' title='bbox 787 848 856 890; x_wconf 80' lang='lat' dir='ltr'><strong>&#39;l&#39;u</strong></span> <span class='ocrx_word' id='word_1_68' title='bbox 901 846 1030 889; x_wconf 84' lang='lat' dir='ltr'><strong>lauda</strong></span> <span class='ocrx_word' id='word_1_69' title='bbox 1065 847 1386 901; x_wconf 86' lang='lat' dir='ltr'><strong>Marcellinum,</strong></span> <span class='ocrx_word' id='word_1_70' title='bbox 1433 851 1480 889; x_wconf 84' lang='lat' dir='ltr'><strong>ut</strong></span> <span class='ocrx_word' id='word_1_71' title='bbox 1515 860 1597 903; x_wconf 83' lang='lat' dir='ltr'><strong>ego</strong></span> <span class='ocrx_word' id='word_1_72' title='bbox 1637 874 1646 885; x_wconf 86' lang='lat'><strong>.</strong></span> 
     </span>
     <span class='ocr_line' id='line_1_11' title="bbox 111 912 1599 971; baseline 0 -15"><span class='ocrx_word' id='word_1_73' title='bbox 111 915 254 956; x_wconf 83' lang='lat' dir='ltr'><strong>statim</strong></span> <span class='ocrx_word' id='word_1_74' title='bbox 288 914 383 957; x_wconf 87' lang='lat' dir='ltr'><strong>seci.</strong></span> <span class='ocrx_word' id='word_1_75' title='bbox 454 912 663 966; x_wconf 80' lang='lat' dir='ltr'><strong>Quamvis</strong></span> <span class='ocrx_word' id='word_1_76' title='bbox 698 915 808 957; x_wconf 86' lang='lat' dir='ltr'><strong>enim</strong></span> <span class='ocrx_word' id='word_1_77' title='bbox 842 914 1010 958; x_wconf 85' lang='lat' dir='ltr'><strong>abunde</strong></span> <span class='ocrx_word' id='word_1_78' title='bbox 1046 914 1232 956; x_wconf 87' lang='lat' dir='ltr'><strong>sufficiat</strong></span> <span class='ocrx_word' id='word_1_79' title='bbox 1265 914 1339 971; x_wconf 84' lang='lat' dir='ltr'><strong>illi,</strong></span> <span class='ocrx_word' id='word_1_80' title='bbox 1377 914 1489 970; x_wconf 86' lang='lat' dir='ltr'><strong>quod</strong></span> <span class='ocrx_word' id='word_1_81' title='bbox 1529 918 1599 958; x_wconf 85' lang='lat' dir='ltr'><strong>est</strong></span> 
     </span>
     <span class='ocr_line' id='line_1_12' title="bbox 111 981 1596 1040; baseline -0.001 -16"><span class='ocrx_word' id='word_1_82' title='bbox 111 986 156 1024; x_wconf 88' lang='lat' dir='ltr'><strong>et</strong></span> <span class='ocrx_word' id='word_1_83' title='bbox 178 993 205 1023; x_wconf 89' lang='lat' dir='ltr'><strong>a</strong></span> <span class='ocrx_word' id='word_1_84' title='bbox 229 981 429 1038; x_wconf 84' lang='lat' dir='ltr'><strong>Principe</strong></span> <span class='ocrx_word' id='word_1_85' title='bbox 465 986 509 1024; x_wconf 85' lang='lat' dir='ltr'><strong>et</strong></span> <span class='ocrx_word' id='word_1_86' title='bbox 545 982 759 1025; x_wconf 76' lang='lat' dir='ltr'><strong>aSenatu</strong></span> <span class='ocrx_word' id='word_1_87' title='bbox 797 981 1025 1040; x_wconf 77' lang='lat' dir='ltr'><strong>probatus3</strong></span> <span class='ocrx_word' id='word_1_88' title='bbox 1061 981 1268 1037; x_wconf 85' lang='lat' dir='ltr'><strong>gaudebit</strong></span> <span class='ocrx_word' id='word_1_89' title='bbox 1303 984 1445 1024; x_wconf 83' lang='lat' dir='ltr'><strong>tamen</strong></span> <span class='ocrx_word' id='word_1_90' title='bbox 1465 981 1596 1024; x_wconf 84' lang='lat' dir='ltr'><strong>testi-</strong></span> 
     </span>
    </p>
   </div>
   <div class='ocr_carea' id='block_1_3' title="bbox 111 1047 1661 1106">
    <p class='ocr_par' dir='ltr' id='par_1_3' title="bbox 111 1047 1661 1106">
     <span class='ocr_line' id='line_1_13' title="bbox 111 1047 1661 1106; baseline 0.001 -16"><span class='ocrx_word' id='word_1_91' title='bbox 111 1048 251 1091; x_wconf 88' lang='lat' dir='ltr'><strong>monio</strong></span> <span class='ocrx_word' id='word_1_92' title='bbox 295 1052 381 1091; x_wconf 87' lang='lat' dir='ltr'><strong>tuo.</strong></span> <span class='ocrx_word' id='word_1_93' title='bbox 453 1048 616 1092; x_wconf 85' lang='lat' dir='ltr'><strong>Omnes</strong></span> <span class='ocrx_word' id='word_1_94' title='bbox 662 1049 792 1103; x_wconf 88' lang='lat' dir='ltr'><strong>enim,</strong></span> <span class='ocrx_word' id='word_1_95' title='bbox 836 1050 907 1106; x_wconf 88' lang='lat' dir='ltr'><strong>qui</strong></span> <span class='ocrx_word' id='word_1_96' title='bbox 952 1049 1092 1104; x_wconf 83' lang='lat' dir='ltr'><strong>gloria</strong></span> <span class='ocrx_word' id='word_1_97' title='bbox 1135 1049 1332 1105; x_wconf 85' lang='lat' dir='ltr'><strong>famaque</strong></span> <span class='ocrx_word' id='word_1_98' title='bbox 1369 1047 1597 1102; x_wconf 82' lang='lat' dir='ltr'><strong>ducuntur,</strong></span> <span class='ocrx_word' id='word_1_99' title='bbox 1640 1060 1661 1091; x_wconf 66' lang='grc' dir='ltr'><strong>ζ·</strong></span> 
     </span>
    </p>
   </div>
   <div class='ocr_carea' id='block_1_4' title="bbox 102 1115 1599 1576">
    <p class='ocr_par' dir='ltr' id='par_1_4' title="bbox 102 1115 1599 1576">
     <span class='ocr_line' id='line_1_14' title="bbox 111 1115 1597 1172; baseline -0.001 -14"><span class='ocrx_word' id='word_1_100' title='bbox 111 1116 259 1158; x_wconf 86' lang='lat' dir='ltr'><strong>mirum</strong></span> <span class='ocrx_word' id='word_1_101' title='bbox 294 1115 338 1156; x_wconf 91' lang='lat' dir='ltr'><strong>in</strong></span> <span class='ocrx_word' id='word_1_102' title='bbox 374 1115 540 1158; x_wconf 88' lang='lat' dir='ltr'><strong>modum</strong></span> <span class='ocrx_word' id='word_1_103' title='bbox 574 1115 780 1159; x_wconf 85' lang='lat' dir='ltr'><strong>adsensio</strong></span> <span class='ocrx_word' id='word_1_104' title='bbox 805 1121 848 1159; x_wconf 89' lang='lat' dir='ltr'><strong>et</strong></span> <span class='ocrx_word' id='word_1_105' title='bbox 870 1117 981 1172; x_wconf 86' lang='lat' dir='ltr'><strong>laus,</strong></span> <span class='ocrx_word' id='word_1_106' title='bbox 1018 1128 1045 1157; x_wconf 84' lang='lat' dir='ltr'><strong>a</strong></span> <span class='ocrx_word' id='word_1_107' title='bbox 1073 1116 1307 1157; x_wconf 88' lang='lat' dir='ltr'><strong>minoribus</strong></span> <span class='ocrx_word' id='word_1_108' title='bbox 1344 1116 1473 1159; x_wconf 90' lang='lat' dir='ltr'><strong>etiam</strong></span> <span class='ocrx_word' id='word_1_109' title='bbox 1495 1128 1597 1171; x_wconf 81' lang='lat' dir='ltr'><strong>pro·-</strong></span> 
     </span>
     <span class='ocr_line' id='line_1_15' title="bbox 110 1180 1599 1238; baseline -0.001 -13"><span class='ocrx_word' id='word_1_110' title='bbox 110 1183 247 1238; x_wconf 81' lang='lat' dir='ltr'><strong>t&#39;ecta,</strong></span> <span class='ocrx_word' id='word_1_111' title='bbox 296 1180 496 1226; x_wconf 87' lang='lat' dir='ltr'><strong>delectat.</strong></span> <span class='ocrx_word' id='word_1_112' title='bbox 580 1184 647 1225; x_wconf 91' lang='lat' dir='ltr'><strong>Te</strong></span> <span class='ocrx_word' id='word_1_113' title='bbox 691 1195 800 1225; x_wconf 90' lang='lat' dir='ltr'><strong>vero</strong></span> <span class='ocrx_word' id='word_1_114' title='bbox 836 1183 1120 1225; x_wconf 83' lang='lat' dir='ltr'><strong>Marcellinus</strong></span> <span class='ocrx_word' id='word_1_115' title='bbox 1155 1183 1215 1224; x_wconf 87' lang='lat' dir='ltr'><strong>ita</strong></span> <span class='ocrx_word' id='word_1_116' title='bbox 1251 1187 1505 1235; x_wconf 88' lang='lat' dir='ltr'><strong>reveretur,</strong></span> <span class='ocrx_word' id='word_1_117' title='bbox 1553 1187 1599 1223; x_wconf 83' lang='lat' dir='ltr'><strong>ut</strong></span> 
     </span>
     <span class='ocr_line' id='line_1_16' title="bbox 102 1248 1596 1306; baseline -0.001 -14"><span class='ocrx_word' id='word_1_118' title='bbox 102 1249 265 1306; x_wconf 72' lang='lat' dir='ltr'><strong>Judicio</strong></span> <span class='ocrx_word' id='word_1_119' title='bbox 302 1253 374 1292; x_wconf 86' lang='lat' dir='ltr'><strong>tuo</strong></span> <span class='ocrx_word' id='word_1_120' title='bbox 397 1250 618 1306; x_wconf 86' lang='lat' dir='ltr'><strong>plurimum</strong></span> <span class='ocrx_word' id='word_1_121' title='bbox 641 1250 808 1292; x_wconf 86' lang='lat' dir='ltr'><strong>tribuat.</strong></span> <span class='ocrx_word' id='word_1_122' title='bbox 880 1248 1066 1292; x_wconf 79' lang='lat' dir='ltr'><strong>Accedit</strong></span> <span class='ocrx_word' id='word_1_123' title='bbox 1088 1249 1170 1303; x_wconf 84' lang='lat' dir='ltr'><strong>his,</strong></span> <span class='ocrx_word' id='word_1_124' title='bbox 1206 1249 1336 1306; x_wconf 87' lang='lat' dir='ltr'><strong>quod,</strong></span> <span class='ocrx_word' id='word_1_125' title='bbox 1372 1249 1409 1291; x_wconf 85' lang='lat' dir='ltr'><strong>si</strong></span> <span class='ocrx_word' id='word_1_126' title='bbox 1432 1261 1596 1305; x_wconf 84' lang='lat' dir='ltr'><strong>eogno-</strong></span> 
     </span>
     <span class='ocr_line' id='line_1_17' title="bbox 107 1316 1596 1375; baseline -0.003 -14"><span class='ocrx_word' id='word_1_127' title='bbox 107 1317 248 1375; x_wconf 87' lang='lat' dir='ltr'><strong>verit,</strong></span> <span class='ocrx_word' id='word_1_128' title='bbox 294 1316 448 1359; x_wconf 82' lang='lat' dir='ltr'><strong>sactum</strong></span> <span class='ocrx_word' id='word_1_129' title='bbox 492 1331 614 1359; x_wconf 85' lang='lat' dir='ltr'><strong>suum</strong></span> <span class='ocrx_word' id='word_1_130' title='bbox 652 1317 730 1360; x_wconf 83' lang='lat' dir='ltr'><strong>isto</strong></span> <span class='ocrx_word' id='word_1_131' title='bbox 768 1330 907 1374; x_wconf 84' lang='lat' dir='ltr'><strong>usque</strong></span> <span class='ocrx_word' id='word_1_132' title='bbox 955 1321 1237 1373; x_wconf 74' lang='lat' dir='ltr'><strong>penetrasse,</strong></span> <span class='ocrx_word' id='word_1_133' title='bbox 1286 1329 1471 1359; x_wconf 81' lang='lat' dir='ltr'><strong>necesse</strong></span> <span class='ocrx_word' id='word_1_134' title='bbox 1514 1320 1596 1369; x_wconf 84' lang='lat' dir='ltr'><strong>est,</strong></span> 
     </span>
     <span class='ocr_line' id='line_1_18' title="bbox 109 1384 1595 1441; baseline -0.001 -15"><span class='ocrx_word' id='word_1_135' title='bbox 109 1384 246 1426; x_wconf 84' lang='lat' dir='ltr'><strong>laudis</strong></span> <span class='ocrx_word' id='word_1_136' title='bbox 301 1397 410 1428; x_wconf 88' lang='lat' dir='ltr'><strong>suae</strong></span> <span class='ocrx_word' id='word_1_137' title='bbox 450 1385 592 1441; x_wconf 84' lang='lat' dir='ltr'><strong>spatio</strong></span> <span class='ocrx_word' id='word_1_138' title='bbox 636 1389 680 1426; x_wconf 87' lang='lat' dir='ltr'><strong>et</strong></span> <span class='ocrx_word' id='word_1_139' title='bbox 725 1398 855 1426; x_wconf 81' lang='lat' dir='ltr'><strong>cursu</strong></span> <span class='ocrx_word' id='word_1_140' title='bbox 898 1388 942 1427; x_wconf 87' lang='lat' dir='ltr'><strong>et</strong></span> <span class='ocrx_word' id='word_1_141' title='bbox 998 1386 1346 1440; x_wconf 82' lang='lat' dir='ltr'><strong>peregrinatione</strong></span> <span class='ocrx_word' id='word_1_142' title='bbox 1394 1384 1595 1427; x_wconf 82' lang='lat' dir='ltr'><strong>laetetur.</strong></span> 
     </span>
     <span class='ocr_line' id='line_1_19' title="bbox 110 1450 1597 1510; baseline -0.001 -17"><span class='ocrx_word' id='word_1_143' title='bbox 110 1451 468 1510; x_wconf 29' lang='lat' dir='ltr'><strong>Etenim-neseio</strong></span> <span class='ocrx_word' id='word_1_144' title='bbox 504 1464 586 1508; x_wconf 88' lang='lat' dir='ltr'><strong>quo</strong></span> <span class='ocrx_word' id='word_1_145' title='bbox 625 1456 749 1508; x_wconf 80' lang='lat' dir='ltr'><strong>pacto</strong></span> <span class='ocrx_word' id='word_1_146' title='bbox 786 1451 857 1496; x_wconf 90' lang='lat' dir='ltr'><strong>vel</strong></span> <span class='ocrx_word' id='word_1_147' title='bbox 894 1452 1031 1508; x_wconf 79' lang='lat' dir='ltr'><strong>magis</strong></span> <span class='ocrx_word' id='word_1_148' title='bbox 1074 1450 1267 1497; x_wconf 85' lang='lat' dir='ltr'><strong>homines</strong></span> <span class='ocrx_word' id='word_1_149' title='bbox 1295 1454 1425 1508; x_wconf 86' lang='lat' dir='ltr'><strong>juvat</strong></span> <span class='ocrx_word' id='word_1_150' title='bbox 1459 1450 1597 1508; x_wconf 83' lang='lat' dir='ltr'><strong>gloria</strong></span> 
     </span>
     <span class='ocr_line' id='line_1_20' title="bbox 115 1519 780 1576; baseline 0.002 -15"><span class='ocrx_word' id='word_1_151' title='bbox 115 1519 216 1574; x_wconf 83' lang='lat' dir='ltr'><strong>lata,</strong></span> <span class='ocrx_word' id='word_1_152' title='bbox 252 1531 377 1575; x_wconf 87' lang='lat' dir='ltr'><strong>quam</strong></span> <span class='ocrx_word' id='word_1_153' title='bbox 412 1531 580 1576; x_wconf 87' lang='lat' dir='ltr'><strong>magna.</strong></span> <span class='ocrx_word' id='word_1_154' title='bbox 656 1520 780 1563; x_wconf 82' lang='lat' dir='ltr'><strong>Vale.</strong></span> 
     </span>
    </p>
   </div>
   <div class='ocr_carea' id='block_1_5' title="bbox 112 1704 1599 1909">
    <p class='ocr_par' dir='ltr' id='par_1_5' title="bbox 112 1704 1599 1909">
     <span class='ocr_line' id='line_1_21' title="bbox 112 1704 1598 1747; baseline -0.003 -7"><span class='ocrx_word' id='word_1_155' title='bbox 112 1710 234 1740; x_wconf 84' lang='lat' dir='ltr'><strong>nissen</strong></span> <span class='ocrx_word' id='word_1_156' title='bbox 259 1708 321 1739; x_wconf 85' lang='lat' dir='ltr'><strong>des</strong></span> <span class='ocrx_word' id='word_1_157' title='bbox 346 1707 505 1747; x_wconf 73' lang='lat' dir='ltr'><strong>Lebe118‚</strong></span> <span class='ocrx_word' id='word_1_158' title='bbox 530 1708 602 1738; x_wconf 84' lang='lat' dir='ltr'><strong>wie</strong></span> <span class='ocrx_word' id='word_1_159' title='bbox 628 1706 818 1747; x_wconf 82' lang='lat' dir='ltr'><strong>Getraide‚</strong></span> <span class='ocrx_word' id='word_1_160' title='bbox 843 1706 1122 1745; x_wconf 74' lang='lat' dir='ltr'><strong>hebensmittel‚</strong></span> <span class='ocrx_word' id='word_1_161' title='bbox 1146 1705 1314 1745; x_wconf 52' lang='lat' dir='ltr'><strong>werden</strong></span> <span class='ocrx_word' id='word_1_162' title='bbox 1340 1704 1396 1736; x_wconf 84' lang='lat' dir='ltr'><strong>die</strong></span> <span class='ocrx_word' id='word_1_163' title='bbox 1422 1705 1487 1736; x_wconf 88' lang='lat' dir='ltr'><strong>den</strong></span> <span class='ocrx_word' id='word_1_164' title='bbox 1514 1705 1598 1735; x_wconf 85' lang='lat' dir='ltr'><strong>Sol·-</strong></span> 
     </span>
     <span class='ocr_line' id='line_1_22' title="bbox 112 1760 1597 1803; baseline -0.005 -7"><span class='ocrx_word' id='word_1_165' title='bbox 112 1765 215 1796; x_wconf 83' lang='lat' dir='ltr'><strong>daten</strong></span> <span class='ocrx_word' id='word_1_166' title='bbox 241 1762 410 1795; x_wconf 67' lang='lat' dir='ltr'><strong>walirend</strong></span> <span class='ocrx_word' id='word_1_167' title='bbox 439 1765 504 1795; x_wconf 89' lang='lat' dir='ltr'><strong>des</strong></span> <span class='ocrx_word' id='word_1_168' title='bbox 527 1762 818 1803; x_wconf 78' lang='lat' dir='ltr'><strong>Kriegsdienstes</strong></span> <span class='ocrx_word' id='word_1_169' title='bbox 842 1762 1007 1803; x_wconf 72' lang='lat' dir='ltr'><strong>gewiihrt</strong></span> <span class='ocrx_word' id='word_1_170' title='bbox 1040 1762 1213 1801; x_wconf 88' lang='lat' dir='ltr'><strong>wurden‚</strong></span> <span class='ocrx_word' id='word_1_171' title='bbox 1245 1762 1337 1792; x_wconf 85' lang='lat' dir='ltr'><strong>daun</strong></span> <span class='ocrx_word' id='word_1_172' title='bbox 1364 1760 1529 1792; x_wconf 80' lang='lat' dir='ltr'><strong>bedentet</strong></span> <span class='ocrx_word' id='word_1_173' title='bbox 1557 1768 1597 1791; x_wconf 83' lang='lat' dir='ltr'><strong>es</strong></span> 
     </span>
     <span class='ocr_line' id='line_1_23' title="bbox 113 1815 1599 1860; baseline -0.003 -9"><span class='ocrx_word' id='word_1_174' title='bbox 113 1820 203 1851; x_wconf 79' lang='lat' dir='ltr'><strong>auch</strong></span> <span class='ocrx_word' id='word_1_175' title='bbox 222 1816 331 1860; x_wconf 83' lang='lat' dir='ltr'><strong>jeden</strong></span> <span class='ocrx_word' id='word_1_176' title='bbox 355 1820 475 1859; x_wconf 73' lang='lat' dir='ltr'><strong>belin,</strong></span> <span class='ocrx_word' id='word_1_177' title='bbox 507 1819 576 1850; x_wconf 84' lang='lat' dir='ltr'><strong>den</strong></span> <span class='ocrx_word' id='word_1_178' title='bbox 602 1825 682 1849; x_wconf 80' lang='lat' dir='ltr'><strong>man</strong></span> <span class='ocrx_word' id='word_1_179' title='bbox 707 1819 1031 1859; x_wconf 71' lang='lat' dir='ltr'><strong>untergeordneten</strong></span> <span class='ocrx_word' id='word_1_180' title='bbox 1056 1817 1303 1850; x_wconf 76' lang='lat' dir='ltr'><strong>Dieustleuten</strong></span> <span class='ocrx_word' id='word_1_181' title='bbox 1338 1817 1372 1847; x_wconf 89' lang='lat' dir='ltr'><strong>in</strong></span> <span class='ocrx_word' id='word_1_182' title='bbox 1398 1815 1486 1846; x_wconf 86' lang='lat' dir='ltr'><strong>Geld</strong></span> <span class='ocrx_word' id='word_1_183' title='bbox 1513 1815 1599 1846; x_wconf 83' lang='lat' dir='ltr'><strong>oder</strong></span> 
     </span>
     <span class='ocr_line' id='line_1_24' title="bbox 112 1875 603 1909; baseline -0.006 0"><span class='ocrx_word' id='word_1_184' title='bbox 112 1875 319 1909; x_wconf 78' lang='lat' dir='ltr'><strong>Naturauen</strong></span> <span class='ocrx_word' id='word_1_185' title='bbox 345 1875 603 1907; x_wconf 80' lang='lat' dir='ltr'><strong>verabreichte.</strong></span> 
     </span>
    </p>
   </div>
   <div class='ocr_carea' id='block_1_6' title="bbox 202 1941 784 2047">
    <p class='ocr_par' dir='ltr' id='par_1_6' title="bbox 202 1941 784 2047">
     <span class='ocr_line' id='line_1_25' title="bbox 202 1941 727 1983; baseline 0 -9"><span class='ocrx_word' id='word_1_186' title='bbox 202 1942 410 1978; x_wconf 77' lang='lat' dir='ltr'><strong>subsidere]</strong></span> <span class='ocrx_word' id='word_1_187' title='bbox 429 1950 460 1973; x_wconf 87' lang='lat' dir='ltr'><strong>s.</strong></span> <span class='ocrx_word' id='word_1_188' title='bbox 486 1950 530 1973; x_wconf 89' lang='lat' dir='ltr'><strong>zu</strong></span> <span class='ocrx_word' id='word_1_189' title='bbox 553 1942 587 1982; x_wconf 77' lang='lat'><strong>2,</strong></span> <span class='ocrx_word' id='word_1_190' title='bbox 613 1941 669 1983; x_wconf 75' lang='lat'><strong>16,</strong></span> <span class='ocrx_word' id='word_1_191' title='bbox 692 1941 727 1974; x_wconf 80' lang='lat'><strong>4.</strong></span> 
     </span>
     <span class='ocr_line' id='line_1_26' title="bbox 203 2007 784 2047; baseline 0.002 -9"><span class='ocrx_word' id='word_1_192' title='bbox 203 2009 238 2038; x_wconf 74' lang='lat'><strong>3.</strong></span> <span class='ocrx_word' id='word_1_193' title='bbox 263 2007 326 2038; x_wconf 81' lang='lat' dir='ltr'><strong>sed</strong></span> <span class='ocrx_word' id='word_1_194' title='bbox 350 2008 488 2044; x_wconf 75' lang='lat' dir='ltr'><strong>tamen]</strong></span> <span class='ocrx_word' id='word_1_195' title='bbox 514 2016 544 2037; x_wconf 86' lang='lat' dir='ltr'><strong>s.</strong></span> <span class='ocrx_word' id='word_1_196' title='bbox 567 2014 613 2038; x_wconf 85' lang='lat' dir='ltr'><strong>zn</strong></span> <span class='ocrx_word' id='word_1_197' title='bbox 636 2009 669 2047; x_wconf 82' lang='lat'><strong>3,</strong></span> <span class='ocrx_word' id='word_1_198' title='bbox 692 2007 728 2046; x_wconf 84' lang='lat'><strong>4,</strong></span> <span class='ocrx_word' id='word_1_199' title='bbox 750 2010 784 2039; x_wconf 83' lang='grc'><strong>5.</strong></span> 
     </span>
    </p>
   </div>
   <div class='ocr_carea' id='block_1_7' title="bbox 115 2073 1599 2338">
    <p class='ocr_par' dir='ltr' id='par_1_7' title="bbox 115 2073 1599 2338">
     <span class='ocr_line' id='line_1_27' title="bbox 205 2073 1596 2115; baseline 0 -12"><span class='ocrx_word' id='word_1_200' title='bbox 205 2073 394 2115; x_wconf 71' lang='lat' dir='ltr'><strong>praefecti</strong></span> <span class='ocrx_word' id='word_1_201' title='bbox 416 2075 574 2111; x_wconf 75' lang='lat' dir='ltr'><strong>aerarii]</strong></span> <span class='ocrx_word' id='word_1_202' title='bbox 601 2082 642 2105; x_wconf 89' lang='lat' dir='ltr'><strong>so</strong></span> <span class='ocrx_word' id='word_1_203' title='bbox 669 2074 760 2105; x_wconf 77' lang='lat' dir='ltr'><strong>Med.</strong></span> <span class='ocrx_word' id='word_1_204' title='bbox 777 2075 878 2115; x_wconf 80' lang='lat' dir='ltr'><strong>Prag-</strong></span> <span class='ocrx_word' id='word_1_205' title='bbox 904 2075 958 2105; x_wconf 85' lang='lat' dir='ltr'><strong>ed.</strong></span> <span class='ocrx_word' id='word_1_206' title='bbox 979 2075 1079 2106; x_wconf 85' lang='lat' dir='ltr'><strong>Rom.</strong></span> <span class='ocrx_word' id='word_1_207' title='bbox 1095 2074 1296 2114; x_wconf 58' lang='lat' dir='ltr'><strong>acumina,</strong></span> <span class='ocrx_word' id='word_1_208' title='bbox 1319 2075 1376 2106; x_wconf 86' lang='lat' dir='ltr'><strong>die</strong></span> <span class='ocrx_word' id='word_1_209' title='bbox 1390 2074 1512 2114; x_wconf 84' lang='lat' dir='ltr'><strong>Vulg.:</strong></span> <span class='ocrx_word' id='word_1_210' title='bbox 1536 2080 1596 2115; x_wconf 82' lang='lat' dir='ltr'><strong>pr.</strong></span> 
     </span>
     <span class='ocr_line' id='line_1_28' title="bbox 118 2128 1598 2170; baseline -0.002 -8"><span class='ocrx_word' id='word_1_211' title='bbox 118 2130 284 2162; x_wconf 79' lang='lat' dir='ltr'><strong>aerario.</strong></span> <span class='ocrx_word' id='word_1_212' title='bbox 310 2129 362 2159; x_wconf 85' lang='lat' dir='ltr'><strong>Da</strong></span> <span class='ocrx_word' id='word_1_213' title='bbox 383 2129 598 2170; x_wconf 80' lang='lat' dir='ltr'><strong>praefectus</strong></span> <span class='ocrx_word' id='word_1_214' title='bbox 621 2129 709 2160; x_wconf 85' lang='lat' dir='ltr'><strong>eben</strong></span> <span class='ocrx_word' id='word_1_215' title='bbox 736 2138 776 2161; x_wconf 87' lang='lat' dir='ltr'><strong>so</strong></span> <span class='ocrx_word' id='word_1_216' title='bbox 803 2130 854 2161; x_wconf 84' lang='lat' dir='ltr'><strong>oft</strong></span> <span class='ocrx_word' id='word_1_217' title='bbox 876 2130 942 2161; x_wconf 85' lang='lat' dir='ltr'><strong>den</strong></span> <span class='ocrx_word' id='word_1_218' title='bbox 968 2130 1108 2162; x_wconf 83' lang='lat' dir='ltr'><strong>Genitiv</strong></span> <span class='ocrx_word' id='word_1_219' title='bbox 1131 2129 1183 2161; x_wconf 84' lang='lat' dir='ltr'><strong>als</strong></span> <span class='ocrx_word' id='word_1_220' title='bbox 1208 2128 1277 2160; x_wconf 83' lang='lat' dir='ltr'><strong>den</strong></span> <span class='ocrx_word' id='word_1_221' title='bbox 1300 2129 1406 2160; x_wconf 81' lang='lat' dir='ltr'><strong>Dativ</strong></span> <span class='ocrx_word' id='word_1_222' title='bbox 1431 2130 1489 2160; x_wconf 86' lang='lat' dir='ltr'><strong>bei</strong></span> <span class='ocrx_word' id='word_1_223' title='bbox 1521 2129 1598 2159; x_wconf 75' lang='lat' dir='ltr'><strong>sicli</strong></span> 
     </span>
     <span class='ocr_line' id='line_1_29' title="bbox 115 2182 1599 2225; baseline -0.003 -8"><span class='ocrx_word' id='word_1_224' title='bbox 115 2187 194 2225; x_wconf 72' lang='lat' dir='ltr'><strong>liat,</strong></span> <span class='ocrx_word' id='word_1_225' title='bbox 218 2194 260 2217; x_wconf 80' lang='lat' dir='ltr'><strong>so</strong></span> <span class='ocrx_word' id='word_1_226' title='bbox 285 2184 419 2216; x_wconf 66' lang='lat' dir='ltr'><strong>wae’ililte</strong></span> <span class='ocrx_word' id='word_1_227' title='bbox 442 2186 530 2216; x_wconf 79' lang='lat' dir='ltr'><strong>Plin.</strong></span> <span class='ocrx_word' id='word_1_228' title='bbox 557 2186 632 2216; x_wconf 81' lang='lat' dir='ltr'><strong>liier</strong></span> <span class='ocrx_word' id='word_1_229' title='bbox 655 2186 792 2225; x_wconf 84' lang='lat' dir='ltr'><strong>gewiss</strong></span> <span class='ocrx_word' id='word_1_230' title='bbox 815 2186 882 2216; x_wconf 88' lang='lat' dir='ltr'><strong>den</strong></span> <span class='ocrx_word' id='word_1_231' title='bbox 907 2185 1067 2225; x_wconf 71' lang='lat' dir='ltr'><strong>Genitiv,</strong></span> <span class='ocrx_word' id='word_1_232' title='bbox 1090 2192 1148 2215; x_wconf 91' lang='lat' dir='ltr'><strong>um</strong></span> <span class='ocrx_word' id='word_1_233' title='bbox 1172 2184 1235 2215; x_wconf 85' lang='lat' dir='ltr'><strong>das</strong></span> <span class='ocrx_word' id='word_1_234' title='bbox 1256 2182 1599 2215; x_wconf 79' lang='lat' dir='ltr'><strong>Zusammentreffen</strong></span> 
     </span>
     <span class='ocr_line' id='line_1_30' title="bbox 117 2237 1599 2281; baseline -0.003 -9"><span class='ocrx_word' id='word_1_235' title='bbox 117 2242 256 2273; x_wconf 82' lang='lat' dir='ltr'><strong>zweier</strong></span> <span class='ocrx_word' id='word_1_236' title='bbox 280 2240 534 2273; x_wconf 78' lang='lat' dir='ltr'><strong>verschiedner</strong></span> <span class='ocrx_word' id='word_1_237' title='bbox 557 2240 687 2272; x_wconf 81' lang='lat' dir='ltr'><strong>Dative</strong></span> <span class='ocrx_word' id='word_1_238' title='bbox 719 2250 764 2273; x_wconf 86' lang='lat' dir='ltr'><strong>zu</strong></span> <span class='ocrx_word' id='word_1_239' title='bbox 800 2242 1015 2273; x_wconf 84' lang='lat' dir='ltr'><strong>vermeiden.</strong></span> <span class='ocrx_word' id='word_1_240' title='bbox 1070 2241 1227 2273; x_wconf 84' lang='lat' dir='ltr'><strong>aerario</strong></span> <span class='ocrx_word' id='word_1_241' title='bbox 1264 2240 1475 2281; x_wconf 72' lang='lat' dir='ltr'><strong>populoque</strong></span> <span class='ocrx_word' id='word_1_242' title='bbox 1509 2237 1599 2279; x_wconf 71' lang='lat' dir='ltr'><strong>giibe</strong></span> 
     </span>
     <span class='ocr_line' id='line_1_31' title="bbox 118 2296 742 2338; baseline 0 -11"><span class='ocrx_word' id='word_1_243' title='bbox 118 2298 198 2328; x_wconf 84' lang='lat' dir='ltr'><strong>eine</strong></span> <span class='ocrx_word' id='word_1_244' title='bbox 268 2297 494 2336; x_wconf 81' lang='lat' dir='ltr'><strong>unpassende</strong></span> <span class='ocrx_word' id='word_1_245' title='bbox 517 2296 742 2338; x_wconf 76' lang='lat' dir='ltr'><strong>&#39;I&#39;autologie-</strong></span> 
     </span>
    </p>
   </div>
   <div class='ocr_carea' id='block_1_8' title="bbox 115 2359 1601 2570">
    <p class='ocr_par' dir='ltr' id='par_1_8' title="bbox 115 2359 1601 2570">
     <span class='ocr_line' id='line_1_32' title="bbox 204 2359 1601 2406; baseline -0.005 -10"><span class='ocrx_word' id='word_1_246' title='bbox 204 2364 239 2396; x_wconf 87' lang='grc'><strong>5.</strong></span> <span class='ocrx_word' id='word_1_247' title='bbox 263 2363 308 2394; x_wconf 80' lang='lat' dir='ltr'><strong>ut</strong></span> <span class='ocrx_word' id='word_1_248' title='bbox 330 2371 395 2403; x_wconf 72' lang='lat' dir='ltr'><strong>eqo</strong></span> <span class='ocrx_word' id='word_1_249' title='bbox 416 2363 547 2396; x_wconf 74' lang='lat' dir='ltr'><strong>statim</strong></span> <span class='ocrx_word' id='word_1_250' title='bbox 567 2363 661 2406; x_wconf 75' lang='lat' dir='ltr'><strong>feci]</strong></span> <span class='ocrx_word' id='word_1_251' title='bbox 689 2364 798 2396; x_wconf 86' lang='lat' dir='ltr'><strong>Diese</strong></span> <span class='ocrx_word' id='word_1_252' title='bbox 820 2365 955 2397; x_wconf 82' lang='lat' dir='ltr'><strong>VVorte</strong></span> <span class='ocrx_word' id='word_1_253' title='bbox 980 2363 1098 2395; x_wconf 77' lang='lat' dir='ltr'><strong>felilen</strong></span> <span class='ocrx_word' id='word_1_254' title='bbox 1123 2371 1230 2395; x_wconf 81' lang='lat' dir='ltr'><strong>zwar</strong></span> <span class='ocrx_word' id='word_1_255' title='bbox 1252 2362 1297 2393; x_wconf 87' lang='lat' dir='ltr'><strong>im</strong></span> <span class='ocrx_word' id='word_1_256' title='bbox 1313 2361 1404 2393; x_wconf 85' lang='lat' dir='ltr'><strong>Med.</strong></span> <span class='ocrx_word' id='word_1_257' title='bbox 1430 2369 1464 2391; x_wconf 92' lang='lat' dir='ltr'><strong>u.</strong></span> <span class='ocrx_word' id='word_1_258' title='bbox 1479 2359 1601 2399; x_wconf 77' lang='lat' dir='ltr'><strong>Prag.⁹</strong></span> 
     </span>
     <span class='ocr_line' id='line_1_33' title="bbox 115 2414 1600 2461; baseline -0.004 -11"><span class='ocrx_word' id='word_1_259' title='bbox 115 2419 206 2450; x_wconf 84' lang='lat' dir='ltr'><strong>doch</strong></span> <span class='ocrx_word' id='word_1_260' title='bbox 231 2420 266 2450; x_wconf 89' lang='lat' dir='ltr'><strong>in</strong></span> <span class='ocrx_word' id='word_1_261' title='bbox 291 2419 559 2460; x_wconf 79' lang='lat' dir='ltr'><strong>Auslassungen</strong></span> <span class='ocrx_word' id='word_1_262' title='bbox 582 2421 630 2452; x_wconf 71' lang='lat' dir='ltr'><strong>ist</strong></span> <span class='ocrx_word' id='word_1_263' title='bbox 652 2419 787 2461; x_wconf 79' lang='lat' dir='ltr'><strong>gerade</strong></span> <span class='ocrx_word' id='word_1_264' title='bbox 810 2421 875 2451; x_wconf 85' lang='lat' dir='ltr'><strong>das</strong></span> <span class='ocrx_word' id='word_1_265' title='bbox 899 2421 1042 2451; x_wconf 81' lang='lat' dir='ltr'><strong>Ansehn</strong></span> <span class='ocrx_word' id='word_1_266' title='bbox 1067 2419 1189 2451; x_wconf 83' lang='lat' dir='ltr'><strong>dieser</strong></span> <span class='ocrx_word' id='word_1_267' title='bbox 1206 2416 1481 2449; x_wconf 74' lang='lat' dir='ltr'><strong>Handsclirifteu</strong></span> <span class='ocrx_word' id='word_1_268' title='bbox 1506 2414 1600 2446; x_wconf 82' lang='lat' dir='ltr'><strong>nieht</strong></span> 
     </span>
     <span class='ocr_line' id='line_1_34' title="bbox 115 2469 1600 2515; baseline -0.003 -10"><span class='ocrx_word' id='word_1_269' title='bbox 115 2483 161 2507; x_wconf 80' lang='lat' dir='ltr'><strong>zu</strong></span> <span class='ocrx_word' id='word_1_270' title='bbox 184 2480 310 2515; x_wconf 81' lang='lat' dir='ltr'><strong>gross3</strong></span> <span class='ocrx_word' id='word_1_271' title='bbox 341 2476 427 2506; x_wconf 82' lang='lat' dir='ltr'><strong>auch</strong></span> <span class='ocrx_word' id='word_1_272' title='bbox 460 2476 629 2508; x_wconf 89' lang='lat' dir='ltr'><strong>seheineu</strong></span> <span class='ocrx_word' id='word_1_273' title='bbox 661 2477 715 2506; x_wconf 84' lang='lat' dir='ltr'><strong>sie</strong></span> <span class='ocrx_word' id='word_1_274' title='bbox 746 2476 782 2505; x_wconf 90' lang='lat' dir='ltr'><strong>in</strong></span> <span class='ocrx_word' id='word_1_275' title='bbox 808 2474 873 2506; x_wconf 88' lang='lat' dir='ltr'><strong>der</strong></span> <span class='ocrx_word' id='word_1_276' title='bbox 899 2474 989 2506; x_wconf 82' lang='lat' dir='ltr'><strong>&#39;rhat</strong></span> <span class='ocrx_word' id='word_1_277' title='bbox 1013 2483 1054 2506; x_wconf 89' lang='lat' dir='ltr'><strong>so</strong></span> <span class='ocrx_word' id='word_1_278' title='bbox 1078 2472 1293 2513; x_wconf 74' lang='lat' dir='ltr'><strong>iiberffl&#39;issig</strong></span> <span class='ocrx_word' id='word_1_279' title='bbox 1318 2473 1431 2512; x_wconf 76' lang='lat' dir='ltr'><strong>nicht,</strong></span> <span class='ocrx_word' id='word_1_280' title='bbox 1466 2471 1513 2503; x_wconf 78' lang='lat' dir='ltr'><strong>da</strong></span> <span class='ocrx_word' id='word_1_281' title='bbox 1536 2469 1600 2500; x_wconf 86' lang='lat' dir='ltr'><strong>das</strong></span> 
     </span>
     <span class='ocr_line' id='line_1_35' title="bbox 118 2527 1598 2570; baseline -0.003 -9"><span class='ocrx_word' id='word_1_282' title='bbox 118 2531 267 2570; x_wconf 83' lang='lat' dir='ltr'><strong>Beispiel</strong></span> <span class='ocrx_word' id='word_1_283' title='bbox 292 2530 355 2562; x_wconf 89' lang='lat' dir='ltr'><strong>des</strong></span> <span class='ocrx_word' id='word_1_284' title='bbox 379 2530 468 2562; x_wconf 89' lang='lat' dir='ltr'><strong>Plin.</strong></span> <span class='ocrx_word' id='word_1_285' title='bbox 492 2531 560 2562; x_wconf 88' lang='lat' dir='ltr'><strong>den</strong></span> <span class='ocrx_word' id='word_1_286' title='bbox 585 2531 716 2562; x_wconf 82' lang='lat' dir='ltr'><strong>Arrian</strong></span> <span class='ocrx_word' id='word_1_287' title='bbox 740 2531 950 2562; x_wconf 85' lang='lat' dir='ltr'><strong>bestimmeu</strong></span> <span class='ocrx_word' id='word_1_288' title='bbox 970 2530 1124 2569; x_wconf 84' lang='lat' dir='ltr'><strong>kounte,</strong></span> <span class='ocrx_word' id='word_1_289' title='bbox 1159 2530 1214 2560; x_wconf 91' lang='lat' dir='ltr'><strong>ein</strong></span> <span class='ocrx_word' id='word_1_290' title='bbox 1241 2528 1408 2560; x_wconf 81' lang='lat' dir='ltr'><strong>Gleiches</strong></span> <span class='ocrx_word' id='word_1_291' title='bbox 1432 2534 1480 2558; x_wconf 84' lang='lat' dir='ltr'><strong>zu</strong></span> <span class='ocrx_word' id='word_1_292' title='bbox 1503 2527 1598 2558; x_wconf 76' lang='lat' dir='ltr'><strong>thun-</strong></span> 
     </span>
    </p>
   </div>
   <div class='ocr_carea' id='block_1_9' title="bbox 118 2594 1600 2915">
    <p class='ocr_par' dir='ltr' id='par_1_9' title="bbox 118 2594 1599 2689">
     <span class='ocr_line' id='line_1_36' title="bbox 205 2594 1599 2637; baseline -0.001 -12"><span class='ocrx_word' id='word_1_293' title='bbox 205 2596 237 2626; x_wconf 78' lang='lat'><strong>7.</strong></span> <span class='ocrx_word' id='word_1_294' title='bbox 263 2596 357 2632; x_wconf 77' lang='lat' dir='ltr'><strong>isto]</strong></span> <span class='ocrx_word' id='word_1_295' title='bbox 384 2595 558 2636; x_wconf 77' lang='lat' dir='ltr'><strong>Altinum,</strong></span> <span class='ocrx_word' id='word_1_296' title='bbox 589 2598 654 2629; x_wconf 84' lang='lat' dir='ltr'><strong>der</strong></span> <span class='ocrx_word' id='word_1_297' title='bbox 677 2597 881 2629; x_wconf 79' lang='lat' dir='ltr'><strong>Aufentlialt</strong></span> <span class='ocrx_word' id='word_1_298' title='bbox 906 2599 1058 2628; x_wconf 83' lang='lat' dir='ltr'><strong>Arrians</strong></span> <span class='ocrx_word' id='word_1_299' title='bbox 1083 2595 1131 2637; x_wconf 86' lang='grc'><strong>(3,</strong></span> <span class='ocrx_word' id='word_1_300' title='bbox 1153 2596 1190 2635; x_wconf 78' lang='lat'><strong>2,</strong></span> <span class='ocrx_word' id='word_1_301' title='bbox 1210 2594 1248 2636; x_wconf 84' lang='lat'><strong>2)</strong></span> <span class='ocrx_word' id='word_1_302' title='bbox 1272 2596 1332 2637; x_wconf 80' lang='lat' dir='ltr'><strong>lag</strong></span> <span class='ocrx_word' id='word_1_303' title='bbox 1354 2597 1401 2626; x_wconf 90' lang='lat' dir='ltr'><strong>im</strong></span> <span class='ocrx_word' id='word_1_304' title='bbox 1425 2594 1599 2626; x_wconf 76' lang='lat' dir='ltr'><strong>Venetia-</strong></span> 
     </span>
     <span class='ocr_line' id='line_1_37' title="bbox 118 2647 1598 2689; baseline -0.001 -7"><span class='ocrx_word' id='word_1_305' title='bbox 118 2652 285 2689; x_wconf 76' lang='lat' dir='ltr'><strong>nischen,</strong></span> <span class='ocrx_word' id='word_1_306' title='bbox 315 2652 392 2683; x_wconf 84' lang='lat' dir='ltr'><strong>also</strong></span> <span class='ocrx_word' id='word_1_307' title='bbox 425 2652 586 2683; x_wconf 83' lang='lat' dir='ltr'><strong>ziemlich</strong></span> <span class='ocrx_word' id='word_1_308' title='bbox 617 2660 672 2684; x_wconf 90' lang='lat' dir='ltr'><strong>am</strong></span> <span class='ocrx_word' id='word_1_309' title='bbox 698 2651 905 2683; x_wconf 66' lang='lat' dir='ltr'><strong>ausser-sien</strong></span> <span class='ocrx_word' id='word_1_310' title='bbox 932 2653 1030 2684; x_wconf 79' lang='lat' dir='ltr'><strong>Ende</strong></span> <span class='ocrx_word' id='word_1_311' title='bbox 1056 2652 1212 2684; x_wconf 78' lang='lat' dir='ltr'><strong>italiens.</strong></span> <span class='ocrx_word' id='word_1_312' title='bbox 1237 2668 1280 2675; x_wconf 89' lang='lat'>—</span> <span class='ocrx_word' id='word_1_313' title='bbox 1303 2651 1378 2682; x_wconf 72' lang='lat' dir='ltr'><strong>isto</strong></span> <span class='ocrx_word' id='word_1_314' title='bbox 1408 2647 1467 2681; x_wconf 77' lang='lat' dir='ltr'><strong>fiir</strong></span> <span class='ocrx_word' id='word_1_315' title='bbox 1488 2648 1598 2681; x_wconf 71' lang='lat' dir='ltr'><strong>istuc.</strong></span> 
     </span>
    </p>

    <p class='ocr_par' dir='ltr' id='par_1_10' title="bbox 119 2705 1600 2915">
     <span class='ocr_line' id='line_1_38' title="bbox 206 2705 1599 2749; baseline -0.003 -11"><span class='ocrx_word' id='word_1_316' title='bbox 206 2707 302 2748; x_wconf 78' lang='lat' dir='ltr'><strong>luta,</strong></span> <span class='ocrx_word' id='word_1_317' title='bbox 326 2714 437 2748; x_wconf 83' lang='lat' dir='ltr'><strong>quam</strong></span> <span class='ocrx_word' id='word_1_318' title='bbox 460 2708 616 2748; x_wconf 75' lang='lat' dir='ltr'><strong>mayna]</strong></span> <span class='ocrx_word' id='word_1_319' title='bbox 642 2707 746 2739; x_wconf 77' lang='lat' dir='ltr'><strong>Nicht</strong></span> <span class='ocrx_word' id='word_1_320' title='bbox 767 2708 901 2749; x_wconf 87' lang='lat' dir='ltr'><strong>gerade</strong></span> <span class='ocrx_word' id='word_1_321' title='bbox 923 2716 1030 2747; x_wconf 81' lang='lat' dir='ltr'><strong>gross</strong></span> <span class='ocrx_word' id='word_1_322' title='bbox 1053 2706 1220 2748; x_wconf 67' lang='lat' dir='ltr'><strong>(magma)</strong></span> <span class='ocrx_word' id='word_1_323' title='bbox 1244 2707 1380 2739; x_wconf 68' lang='lat' dir='ltr'><strong>ltonnte</strong></span> <span class='ocrx_word' id='word_1_324' title='bbox 1403 2706 1470 2738; x_wconf 84' lang='lat' dir='ltr'><strong>dei·</strong></span> <span class='ocrx_word' id='word_1_325' title='bbox 1487 2705 1599 2736; x_wconf 83' lang='lat' dir='ltr'><strong>Rulnn</strong></span> 
     </span>
     <span class='ocr_line' id='line_1_39' title="bbox 119 2760 1600 2806; baseline 0.001 -12"><span class='ocrx_word' id='word_1_326' title='bbox 119 2760 184 2795; x_wconf 80' lang='lat' dir='ltr'><strong>des</strong></span> <span class='ocrx_word' id='word_1_327' title='bbox 199 2762 430 2795; x_wconf 84' lang='lat' dir='ltr'><strong>Marcellinus</strong></span> <span class='ocrx_word' id='word_1_328' title='bbox 453 2763 616 2806; x_wconf 85' lang='lat' dir='ltr'><strong>werden,</strong></span> <span class='ocrx_word' id='word_1_329' title='bbox 640 2763 732 2795; x_wconf 82' lang='lat' dir='ltr'><strong>dazu</strong></span> <span class='ocrx_word' id='word_1_330' title='bbox 757 2771 836 2795; x_wconf 83' lang='lat' dir='ltr'><strong>war</strong></span> <span class='ocrx_word' id='word_1_331' title='bbox 859 2763 916 2794; x_wconf 85' lang='lat' dir='ltr'><strong>die</strong></span> <span class='ocrx_word' id='word_1_332' title='bbox 930 2763 1020 2796; x_wconf 83' lang='lat' dir='ltr'><strong>That·</strong></span> <span class='ocrx_word' id='word_1_333' title='bbox 1042 2764 1141 2796; x_wconf 82' lang='lat' dir='ltr'><strong>nicht</strong></span> <span class='ocrx_word' id='word_1_334' title='bbox 1162 2762 1439 2805; x_wconf 80' lang='lat' dir='ltr'><strong>ausgezeichnet</strong></span> <span class='ocrx_word' id='word_1_335' title='bbox 1461 2767 1600 2803; x_wconf 76' lang='lat' dir='ltr'><strong>genug3</strong></span> 
     </span>
     <span class='ocr_line' id='line_1_40' title="bbox 120 2814 1599 2861; baseline -0.005 -11"><span class='ocrx_word' id='word_1_336' title='bbox 120 2827 176 2850; x_wconf 85' lang='lat' dir='ltr'><strong>um</strong></span> <span class='ocrx_word' id='word_1_337' title='bbox 201 2826 242 2850; x_wconf 88' lang='lat' dir='ltr'><strong>so</strong></span> <span class='ocrx_word' id='word_1_338' title='bbox 268 2819 366 2850; x_wconf 80' lang='lat' dir='ltr'><strong>metir</strong></span> <span class='ocrx_word' id='word_1_339' title='bbox 389 2822 524 2854; x_wconf 79' lang='lat' dir='ltr'><strong>musste</strong></span> <span class='ocrx_word' id='word_1_340' title='bbox 555 2828 596 2852; x_wconf 81' lang='lat' dir='ltr'><strong>es</strong></span> <span class='ocrx_word' id='word_1_341' title='bbox 627 2821 685 2854; x_wconf 85' lang='lat' dir='ltr'><strong>ilm</strong></span> <span class='ocrx_word' id='word_1_342' title='bbox 716 2819 861 2861; x_wconf 63' lang='lat' dir='ltr'><strong>neuen,</strong></span> <span class='ocrx_word' id='word_1_343' title='bbox 894 2827 1001 2852; x_wconf 83' lang='lat' dir='ltr'><strong>wenn</strong></span> <span class='ocrx_word' id='word_1_344' title='bbox 1033 2820 1088 2852; x_wconf 86' lang='lat' dir='ltr'><strong>sie</strong></span> <span class='ocrx_word' id='word_1_345' title='bbox 1117 2820 1339 2861; x_wconf 68' lang='lat' dir='ltr'><strong>wenigstens</strong></span> <span class='ocrx_word' id='word_1_346' title='bbox 1370 2817 1472 2851; x_wconf 78' lang='lat' dir='ltr'><strong>recht</strong></span> <span class='ocrx_word' id='word_1_347' title='bbox 1496 2814 1599 2847; x_wconf 81' lang='lat' dir='ltr'><strong>Viele</strong></span> 
     </span>
     <span class='ocr_line' id='line_1_41' title="bbox 120 2874 436 2915; baseline 0.003 -9"><span class='ocrx_word' id='word_1_348' title='bbox 120 2874 286 2907; x_wconf 77' lang='lat' dir='ltr'><strong>erfuliren</strong></span> <span class='ocrx_word' id='word_1_349' title='bbox 310 2876 436 2915; x_wconf 78' lang='lat' dir='ltr'><strong>(lata).</strong></span> 
     </span>
    </p>
   </div>
  </div>
 </body>
</html>
