1855 3200
753 192 853 230 liber
883 198 1030 230 sextus.
1556 193 1622 233 53

730 299 1021 348 XXVIII.

523 410 577 459 C.
614 411 804 460 Plinius
839 413 1017 462 Pontio
1053 412 1160 463 Suo
1195 413 1251 462 S.

272 515 395 573 Scio,
432 529 543 574 quae
566 517 639 559 tibi
675 530 835 560 caussa
868 518 997 562 fuerit
1019 518 1330 576 impedimento,
1365 533 1447 576 quo
1484 522 1622 563 minus
1664 529 1683 564 1

137 597 423 641 praecurrere
469 584 701 628 adventum
735 599 872 628 meum
907 586 948 627 in
987 584 1259 643 Campaniam
1305 600 1481 643 posses:
1527 588 1621 643 sed,

134 664 388 708 quamquam
424 651 605 705 absens,
642 656 759 694 totus
794 653 877 696 huc
912 654 1120 709 migrasti.
1191 655 1375 697 Tantum
1411 655 1508 696 mihi
1546 668 1622 699 co-

134 721 313 775 piarum,
350 733 433 776 qua
467 719 747 777 urbanarum,
785 733 866 777 qua
905 721 1181 775 rusticarum,
1220 724 1386 764 nomine
1430 727 1502 764 tuo
1540 723 1618 765 ob-

135 786 264 828 latum
310 792 399 842 est,
447 800 557 844 quas
592 800 763 841 omnes,
812 788 1000 844 improbe
1036 787 1227 845 quidem,
1264 790 1413 845 accepi
1461 794 1617 833 tamen.

133 854 243 895 Nam
281 867 347 896 me
382 856 454 906 tui,
493 859 538 896 ut
572 855 631 897 ita
667 855 866 913 facerem,
905 856 1136 914 rogabant3
1176 861 1220 899 et
1254 857 1454 909 verebar,
1492 869 1546 900 ne
1576 861 1619 899 et
1657 863 1683 900 Β

136 920 232 961 mihi
251 924 293 962 et
316 921 399 963 illis
425 922 691 979 irascereris,
728 922 767 963 si
803 935 884 965 non
920 924 1150 966 fecissem:
1185 924 1501 980 inposterum,
1539 924 1619 966 nisi

132 986 377 1031 adhibueris
412 988 592 1045 modum,
631 1002 711 1044 ego
747 988 968 1033 adhibebo.
1040 990 1180 1033 Etiam
1216 993 1303 1033 tuis
1354 990 1618 1044 denuntiavi,

135 1054 170 1095 si
206 1068 356 1097 rursus
391 1060 474 1098 tam
508 1057 639 1098 multa
674 1057 946 1113 attulissent,
984 1059 1121 1101 omnia
1158 1059 1385 1101 relaturos,
1466 1058 1616 1113 DiceS‚
1656 1079 1683 1114 3

134 1125 335 1177 oportere
370 1136 438 1165 me
473 1124 558 1165 tuis
604 1123 732 1164 rebus
769 1127 814 1164 ut
849 1126 956 1168 meis
998 1125 1078 1167 uti:
1126 1126 1276 1183 etiam3
1325 1123 1404 1168 sed
1440 1124 1618 1181 perinde

133 1189 221 1230 illis
257 1202 308 1231 ac
343 1191 451 1233 meis
487 1201 632 1246 parco.
705 1188 831 1232 Vale.

765 1340 991 1388 XXIX.

462 1441 516 1491 C.
554 1442 745 1490 Plinius
785 1443 1044 1501 Quadrato
1081 1443 1186 1492 Suo
1222 1443 1278 1492 S.

270 1545 452 1589 Avidius
497 1545 700 1601 Quietus,
750 1549 820 1602 qui
865 1561 931 1590 me
974 1550 1098 1590 unice
1142 1548 1292 1590 dilexit
1332 1555 1374 1590 et
1409 1563 1492 1605 quo
1530 1564 1612 1593 non
1656 1562 1680 1597 1

131 1613 268 1654 minus
303 1613 486 1668 gaudeo,
522 1613 736 1670 probavit,
775 1618 819 1655 ut
839 1615 967 1656 multa
989 1615 1072 1656 alia
1099 1615 1324 1658 Thraseae
1361 1612 1470 1674 (fuit
1505 1618 1614 1660 enim

130 1677 383 1738 familirris]
427 1680 487 1722 ita
534 1680 613 1723 hoc
655 1693 789 1736 saepe
844 1681 1083 1734 referebat,
1137 1682 1389 1738 praecipere
1430 1683 1614 1740 solitum,

127 1747 427 1802 suscipiendas
464 1760 565 1790 esse
601 1760 808 1800 caussas,
853 1753 926 1790 aut
961 1750 1209 1807 amicorum,
1256 1754 1329 1791 aut
1366 1749 1611 1809 destitutaS,

218 1919 446 1956 XXVIII.
475 1924 504 1954 l.
529 1924 629 1955 totus
663 1940 695 1945 -—
720 1925 913 1964 mim-asti]
937 1925 1041 1956 Sinn:
1074 1925 1244 1966 Obgleich
1267 1926 1311 1957 du
1337 1927 1430 1958 nicht
1453 1934 1616 1967 zugegen

128 1978 220 2018 bist,
257 1979 334 2008 hast
364 1978 407 2008 du
440 1979 529 2009 doch
554 1980 640 2009 auch
665 1987 728 2009 aus
764 1981 827 2011 der
852 1981 1073 2021 Entfernuug
1106 1982 1138 2010 in
1166 1978 1271 2021 jeder
1295 1982 1452 2012 Hinsicht
1484 1990 1524 2012 so
1556 1981 1615 2014 fiir

129 2035 246 2065 meine
271 2031 497 2064 Bedfirfnisse
529 2038 700 2073 gesorgt‚
730 2035 813 2065 dass
850 2043 930 2066 man
965 2036 1002 2066 in
1027 2034 1146 2066 dieser
1170 2036 1375 2076 Beziehung
1410 2037 1514 2068 deine
1538 2039 1614 2069 Ab·

128 2089 325 2121 wesenheit
351 2088 445 2120 nieht
468 2088 660 2119 benierken
686 2088 793 2121 kann.

219 2156 366 2196 copiae]
391 2153 466 2185 fiir:
491 2155 843 2198 ,‚Il1undvorrc’ithe,
871 2155 1243 2197 Nahrunysmittev‘,
1277 2157 1413 2189 kommt
1445 2158 1498 2189 bei
1523 2158 1611 2189 Plin.

128 2212 163 2250 2,
188 2211 243 2251 17,
267 2213 327 2242 26.
352 2213 386 2247 5,
409 2211 443 2249 2,
471 2210 499 2242 1.
535 2214 608 2243 wie
647 2212 702 2243 bei
738 2214 859 2243 seinen
896 2212 1161 2252 Zeitgenossen
1198 2212 1309 2244 Tacit.
1345 2215 1437 2246 Anu.
1474 2214 1531 2252 15,
1557 2214 1609 2245 16.

128 2267 217 2297 Hist.
240 2266 273 2303 4,
294 2267 350 2296 35.
379 2266 498 2298 Germ.
523 2267 578 2297 30.
605 2269 699 2299 nicht
723 2269 849 2309 seiten,
874 2269 959 2298 auch
986 2268 1094 2299 sehon
1121 2268 1173 2299 bei
1198 2266 1323 2308 Vellej.
1349 2269 1380 2307 2,
1407 2269 1469 2299 111
1498 2277 1575 2299 vor.

220 2332 385 2373 quidem]
412 2333 519 2370 kann,
543 2334 699 2374 obgleich
726 2342 765 2365 es
790 2336 834 2365 im
860 2335 962 2373 Prag.
988 2335 1056 2364 und
1084 2335 1162 2365 edd.
1189 2336 1286 2366 Rom.
1310 2336 1386 2366 Ber.
1407 2335 1515 2366 Tarv.
1531 2336 1604 2366 Ald.

128 2387 235 2427 fehlt,
262 2388 340 2418 hier
371 2389 460 2419 doch
494 2391 589 2420 nicht
622 2388 753 2430 fiiglieh
786 2390 983 2427 ausfallen‚
1016 2391 1098 2421 weil
1131 2391 1221 2420 daun
1254 2391 1316 2421 der
1340 2390 1541 2430 Gegensatz
1567 2399 1610 2421 zu

128 2445 251 2475 tamen
275 2446 445 2475 verinisst
473 2445 609 2476 wiirde.
659 2446 725 2476 Die
739 2446 886 2484 Stellen‚
911 2446 1049 2476 welche
1064 2445 1263 2484 Heusinger
1288 2443 1442 2483 ansiihrt,
1466 2444 1610 2476 konnen

127 2497 187 2530 ffir
219 2499 277 2529 die
309 2499 526 2540 Eutfernung
558 2502 620 2531 des
650 2501 776 2531 xvorts
802 2502 916 2530 nicius
954 2500 1152 2539 beweisen,
1187 2500 1221 2539 6,
1245 2500 1300 2539 29,
1323 2500 1344 2530 3
1376 2501 1470 2531 steht
1500 2498 1604 2532 dafiir

126 2554 302 2594 fortasse.
349 2553 381 2591 7,
406 2554 462 2594 30,
487 2554 509 2584 4
533 2554 625 2584 wird
649 2555 781 2585 studeo
809 2555 1031 2586 wiederholt.

218 2622 250 2650 3.
277 2618 406 2654 ettam]
433 2627 463 2648 s.
487 2628 531 2649 zu
555 2619 588 2657 2,
611 2620 643 2657 3,
670 2622 702 2650 9.

219 2683 391 2718 XXIX.
418 2684 448 2716 1.
475 2687 601 2721 unice]
628 2694 657 2715 s.
683 2694 727 2716 zu
753 2687 787 2724 3,
810 2686 844 2724 3,
871 2686 902 2716 1.

218 2752 437 2787 destitutas]
465 2754 535 2782 wie
561 2752 612 2783 oft
637 2754 670 2782 in
695 2753 827 2783 diesem
843 2752 1030 2793 Zeitalter‚
1055 2754 1146 2785 ohne
1159 2756 1288 2786 zusatz
1314 2757 1517 2796 gebi-anchi,
1543 2759 1606 2788 be·-

129 2808 292 2838 zeiclinet
316 2808 439 2838 solche
461 2807 698 2841 Rechtsffille.
724 2809 886 2844 welche,
922 2810 966 2840 da
991 2817 1066 2840 man
1093 2811 1146 2840 sie
1172 2812 1204 2840 iu
1232 2812 1340 2842 ihreni
1369 2813 1512 2852 Erl'olgr,
1550 2811 1605 2842 fiir

130 2871 174 2893 zu
202 2863 406 2894 bedenklicli
434 2864 529 2903 hielt,
557 2866 652 2895 nicht
678 2864 779 2895 leicht
806 2865 907 2896 einen
935 2866 1074 2896 Anwalt
1100 2865 1237 2896 sanderi.
