1855 3200
704 230 804 267 liber
835 229 988 267 tertius.
1504 224 1572 268 21)
1584 225 1604 267 1

119 345 255 390 hendo
276 348 320 388 et
341 344 448 386 salis
470 343 662 399 haberet,
701 348 746 388 et
768 345 897 400 sellis,
915 356 997 387 nec
1019 342 1219 386 candoris
1234 342 1385 385 minus.
1443 343 1611 386 Prose-

120 418 242 458 cutus
269 425 385 455 eram
406 411 564 455 viatico
587 411 876 456 secedentem.
935 410 1151 454 Dederam
1169 410 1249 452 hoc
1269 409 1494 463 amicitiae,
1529 408 1612 452 de-

119 480 264 524 deram
284 481 413 522 etiam
434 480 678 532 versiculis,
716 493 823 536 quos
849 480 904 522 de
939 492 1007 522 ine
1025 478 1272 535 composuit.
1344 477 1446 520 Fuit
1481 476 1613 520 moris

118 547 294 604 antiqui,
321 560 412 603 eos,
449 547 519 603 qui
541 547 613 590 vel
637 548 900 603 singulorum
921 546 1090 603 laudeS‚
1112 546 1185 590 vel
1212 546 1373 588 urbium
1410 545 1613 601 scripse-

118 619 229 672 rant,
254 618 329 656 aut
348 613 579 656 honoribus
601 618 675 656 aut
697 615 878 670 pecunia
907 626 1078 658 ornare:
1123 613 1298 656 Nostris
1318 626 1427 656 vero
1445 616 1615 668 tempo-

121 683 254 735 ribus,
292 686 336 724 ut
371 681 456 723 alia
492 683 690 738 speciosa
726 685 769 725 et
805 683 1000 738 egregia,
1036 683 1094 723 ita
1124 681 1205 724 hoc
1226 680 1433 736 inprimis
1457 680 1612 724 exole-

121 751 199 793 vit.
278 751 390 791 Nam
435 754 660 805 postquam
715 749 920 793 desiimus
968 750 1113 793 facere
1158 746 1399 805 laudanda,
1448 746 1613 790 laudari

125 830 296 874 quoque
314 817 502 872 ineptum
535 821 748 872 putamus.
821 816 1021 871 Quaeris,
1057 816 1131 873 qui
1149 816 1235 858 sint
1255 815 1479 868 versiculi,
1516 814 1612 871 qui-

125 885 205 927 bus
248 885 429 939 gratiam
471 878 631 926 retuli?
715 885 992 928 Remitterem
1035 888 1079 927 te
1113 882 1168 925 ad
1213 883 1349 939 ipsum
1395 884 1612 938 volumen,

127 952 207 993 nisi
252 950 457 1007 quosdam
495 954 714 1008 tenerem,
752 957 822 1004 tu,
868 953 904 993 si
940 952 1181 1008 placuerint
1217 950 1282 1004 hi,
1326 956 1528 993 caeteros
1572 950 1613 990 in

126 1019 232 1060 libro
279 1019 493 1074 requires,
582 1007 836 1075 Adloquitur
881 1019 1074 1071 Musam,
1120 1017 1319 1076 mandat,
1371 1021 1414 1061 ut
1447 1016 1614 1060 domum

125 1098 262 1128 meam
297 1085 510 1140 Esquiliis
547 1091 739 1144 quaerat,
778 1085 908 1129 adeat
944 1089 1226 1129 reverenter:

328 1151 420 1194 Sed
459 1165 514 1195 ne
549 1157 742 1208 tempore
778 1166 861 1194 non
899 1159 969 1195 tuo
1007 1153 1209 1195 disertam

330 1219 488 1261 Pulses
525 1219 644 1262 ebria
673 1223 861 1277 januam,
899 1220 1065 1263 videto.

326 1286 463 1327 Totos
500 1285 573 1328 dat
609 1288 787 1329 tetricae
824 1286 919 1331 dies
955 1287 1207 1341 Minervae,

327 1352 441 1395 Dum
477 1358 645 1396 centum
681 1354 829 1398 studet
864 1355 1039 1397 auribus
1074 1355 1289 1409 virorum,

330 1420 426 1463 Hoc
463 1421 572 1477 quod
609 1422 757 1464 secula
795 1423 1049 1479 posterique
1083 1422 1254 1479 possint

331 1487 508 1544 Arpinis
545 1502 713 1545 quoque
751 1502 999 1546 comparare
1035 1489 1210 1534 chartis.

219 1654 253 1684 2.
277 1654 470 1693 prosequi]
498 1653 587 1685 wird
613 1654 753 1686 freilich
779 1653 1024 1695 urspriinglich
1050 1663 1117 1686 nur
1142 1663 1212 1686 von
1239 1655 1303 1686 der
1321 1656 1530 1696 Begleitung
1553 1664 1619 1696 ge-

131 1708 291 1748 brauclit,
317 1709 490 1740 wodurch
508 1717 584 1740 man
599 1709 809 1749 Jenlanden,
823 1711 1019 1742 besonders
1034 1711 1090 1741 bei
1109 1711 1315 1742 seierliclien
1328 1711 1618 1751 Gelegenheuen‚

131 1773 176 1795 zu
202 1765 311 1795 ehren
337 1767 479 1804 suclite3
514 1766 599 1796 doch
634 1767 702 1797 trat
727 1766 850 1805 spiiter
883 1767 947 1798 der
972 1766 1104 1807 Begriff
1124 1766 1189 1798 der
1212 1767 1423 1807 Begleitung
1454 1768 1551 1798 mehr
1583 1768 1619 1797 in

130 1820 196 1851 den
223 1821 479 1861 flintcrgrund,
513 1820 684 1852 withrend
710 1822 765 1852 die
790 1822 999 1862 Bedeulung
1024 1823 1086 1853 der
1112 1823 1387 1863 Auszeiclinung
1411 1823 1511 1854 mehr
1536 1824 1619 1854 lier—

131 1878 282 1906 vortrat.
340 1877 426 1907 Hier
459 1884 539 1907 war
563 1884 602 1908 es
627 1878 662 1907 iu
687 1877 918 1918 Verbindung
949 1879 1011 1909 mit
1034 1877 1262 1910 secedentem
1295 1886 1349 1909 um
1381 1886 1423 1910 so
1455 1880 1620 1920 weniger

133 1931 323 1972 anstiissig.

219 2000 252 2029 3.
281 1997 371 2030 Fuit
395 2000 530 2036 moris]
556 2008 585 2029 s.
611 2009 656 2030 zu
684 1999 712 2041 1,
740 1999 796 2041 12,
819 1999 853 2030 7.

220 2066 252 2096 4.
278 2066 411 2103 retuli]
437 2067 528 2098 nach
553 2067 670 2098 vielen
685 2067 794 2098 Codd.
819 2067 907 2098 auch
932 2067 1010 2098 dem
1027 2068 1162 2108 Prager
1187 2076 1220 2101 u.
1244 2070 1345 2110 Aug„
1369 2072 1454 2101 statt
1477 2068 1620 2100 retule-

133 2123 216 2163 rim,
241 2130 321 2153 was
347 2123 423 2154 hier
447 2123 551 2155 Titze
577 2123 761 2163 voi-zielit,
787 2131 842 2153 um
865 2123 978 2155 lieber
1001 2124 1092 2155 ohne
1117 2123 1187 2154 alle
1212 2125 1412 2156 Autoritz'it:
1435 2125 1619 2157 mitterem

132 2187 176 2210 zu
203 2178 403 2210 sclireiben.

222 2245 366 2281 tenere]
392 2245 677 2285 gewiihnlicher:
702 2247 883 2277 memoria
914 2247 1058 2288 tenere,
1084 2247 1174 2278 doch
1201 2247 1261 2278 liat
1279 2244 1387 2287 jenes
1411 2245 1521 2279 selbst
1544 2246 1616 2278 Cic.

137 2301 246 2332 Tusc.
273 2301 305 2339 5,
329 2301 385 2331 23.

224 2358 256 2387 5.
282 2355 528 2397 Adloquitur]
555 2358 616 2389 das
642 2358 790 2390 Gedicht
813 2359 907 2390 steht
933 2359 986 2389 bei
1011 2358 1167 2390 Martial.
1194 2356 1247 2398 10,
1275 2357 1326 2388 19.

226 2422 422 2462 Esquiliis]
464 2425 554 2455 ohne
583 2424 808 2463 Priiposition
840 2426 928 2456 nach
962 2425 1028 2456 den
1062 2425 1188 2456 besten
1225 2423 1516 2462 Haudscln·if1eu‚
1549 2426 1620 2455 wie

136 2479 240 2518 Prag.
269 2479 357 2517 Aug.
383 2478 531 2509 Helmst.
560 2480 648 2510 eben
679 2488 720 2511 so
748 2480 825 2510 Liv.
851 2481 885 2520 2,
909 2480 963 2510 23.
988 2480 1042 2519 26,
1070 2479 1123 2510 10.
1178 2479 1246 2509 Die
1279 2478 1412 2509 nomer
1447 2480 1621 2518 spracheu

137 2540 178 2563 so
204 2541 275 2563 von
300 2533 447 2563 Theilen
474 2533 536 2564 der
560 2535 671 2566 ὅμως.

226 2606 298 2627 uon
323 2598 403 2635 tuo]
430 2609 474 2624 Ξ
498 2600 759 2641 intempestivo,
785 2602 926 2640 alieno,
953 2600 1063 2632 daher
1087 2601 1208 2640 spiiter
1231 2600 1320 2632 haec·
1345 2599 1437 2633 hora
1462 2601 1516 2633 est
1541 2602 1622 2634 tua.

227 2662 346 2699 ebria]
374 2664 508 2694 bildlicli
534 2663 607 2695 fiir:
634 2666 761 2707 „keok,
787 2675 996 2707 verwegen,
1020 2664 1297 2707 ausgelassen“.

227 2730 376 2761 studere
401 2730 522 2761 alicui
547 2731 707 2771 aliquid]
743 2731 799 2763 fiir
824 2734 1013 2772 meditari,
1037 2733 1235 2766 elaborare
1261 2735 1400 2767 mlichte
1424 2735 1503 2766 sicli
1529 2736 1622 2767 nicht

142 2793 208 2816 vor
233 2785 295 2816 der
319 2787 464 2817 reinern
491 2786 658 2819 Latinita'it
683 2788 938 2830 rechtfertigen
963 2790 1094 2829 nissen,
1118 2790 1207 2822 doch
1233 2790 1469 2831 eutsohuldigt
1494 2799 1534 2822 es
1559 2791 1623 2823 der

141 2840 322 2879 poetische
347 2840 545 2873 Gebrauch.

228 2906 381 2949 Arpinis
407 2908 570 2947 chartis]
603 2910 721 2943 Niclits
745 2912 878 2945 konnte
910 2914 988 2945 deni
1014 2914 1144 2946 Plinius
1180 2913 1510 2946 schmeichelhaster
1534 2913 1623 2953 sein,
