1855 3200
240 189 345 235 272
798 187 916 229 Plinii
947 191 1199 238 epistolarum

200 308 367 353 etertio
405 307 586 359 fecisse,
624 310 723 348 tunc
759 302 931 348 abiisse.
1014 304 1211 360 Expavit
1244 310 1287 349 et
1325 306 1389 349 sic
1423 300 1732 361 interpretatus

240 380 335 431 est,
372 379 584 431 tamquam
619 372 729 416 idem
763 373 845 414 sibi
881 372 1050 414 futurus
1086 366 1207 414 esset
1241 373 1457 429 scribendi
1491 372 1615 425 finis,
1659 374 1729 429 qui

199 444 398 487 vsuisset
434 442 492 486 illi
528 439 727 495 legendi:
777 444 821 481 et
863 439 941 482 suit
976 438 1101 481 idem.
1173 437 1295 491 Quod
1331 454 1398 484 me
1433 440 1729 484 recordantem

237 510 458 553 miseratio
496 508 634 560 subit,
672 510 875 561 quantum
909 506 1177 561 vigiliarum,
1213 512 1414 562 quantum
1449 507 1609 550 laboris
1646 520 1728 549 ex-

237 577 433 619 hauserit
466 575 643 616 frustra.
726 571 968 616 Occursant
1011 573 1148 616 animo
1193 585 1287 615 mea
1331 575 1590 629 mortalitas,
1635 586 1730 616 mea

239 644 419 698 scripta.
490 642 589 683 Neo
625 639 788 695 dubito,
824 645 868 683 te
903 654 1073 697 quoque
1109 640 1258 683 eadem
1284 636 1542 696 cogitatione
1576 640 1731 683 terreri

200 723 315 766 spro
350 709 461 763 istis,
499 720 611 763 quae
647 709 758 751 inter
794 721 945 750 manus
980 708 1128 751 habes.
1166 707 1370 763 Proinde,
1406 707 1506 750 dum
1540 708 1731 763 suppetit

239 777 353 833 vita,
392 776 625 829 enitamur,
663 780 708 818 ut
751 788 881 830 mors,
917 789 1042 832 quam
1085 775 1374 832 paucissima,
1410 788 1522 831 quae
1557 774 1732 817 abolere

239 844 391 900 possit,
427 843 635 887 inveniat.
707 843 834 887 Vale.

927 997 1033 1042 VI.

567 1106 620 1157 C.
668 1107 859 1157 Plinius
894 1102 1177 1172 Apollinari
1208 1108 1317 1158 Suo
1352 1107 1408 1157 S.

201 1223 223 1258 1
376 1214 532 1257 Amavi
569 1226 715 1260 curam
752 1219 794 1257 et
830 1213 1160 1258 sollicitudinem
1193 1220 1320 1269 tuam,
1357 1212 1485 1271 quod,
1522 1227 1614 1256 cum
1651 1225 1730 1255 au-

242 1280 412 1335 disses,
458 1294 525 1323 me
560 1285 729 1323 aestate
767 1282 936 1323 Tuscos
972 1294 1092 1324 meos
1136 1284 1388 1338 petiturum,
1437 1294 1492 1323 ne
1527 1281 1727 1333 facerem,

203 1348 446 1403 2suasisti,
483 1346 581 1391 dum
619 1352 747 1404 putas
784 1348 1042 1392 insalubres.
1123 1347 1208 1391 Est
1243 1361 1348 1391 sane
1383 1348 1534 1404 gravis
1571 1351 1614 1391 et
1650 1357 1732 1402 pe-

241 1415 394 1457 stilens
431 1427 506 1458 ora
532 1415 788 1469 Tuscorum,
826 1428 942 1472 quae
979 1430 1057 1472 per
1090 1417 1192 1458 litus
1229 1416 1486 1459 extenditur.
1558 1413 1650 1458 Sed
1687 1413 1730 1454 hi

239 1482 389 1539 procul
426 1495 452 1524 a
488 1483 593 1524 mari
618 1487 919 1526 recesserunt:
956 1483 1057 1539 quin
1094 1484 1219 1527 etiam
1251 1483 1494 1539 Apennino,
1530 1480 1731 1524 saluber-

200 1549 344 1598 3rimo
370 1550 584 1602 montium,
613 1550 854 1604 subJacent.
927 1550 1071 1607 Atque
1107 1549 1233 1605 adeo,
1269 1555 1315 1593 ut
1349 1562 1515 1593 omnem
1550 1561 1628 1605 pro
1663 1561 1731 1591 me

239 1622 394 1659 metum
450 1629 612 1675 ponaS,
673 1617 824 1674 accipe
870 1618 1117 1675 temperiem
1163 1618 1297 1671 coeli,
1353 1617 1543 1674 regionis
1589 1616 1729 1669 situm,

311 1803 362 1835 ’7.
384 1813 454 1835 ηοη
480 1804 623 1847 dubito,
648 1814 722 1835 non
746 1804 899 1836 dubium
926 1806 999 1842 est]
1025 1806 1099 1847 liat,
1125 1804 1241 1844 Nepos
1266 1805 1299 1835 in
1326 1804 1388 1834 der
1413 1802 1572 1834 Priifatio
1597 1809 1727 1842 ausgeo

241 1865 404 1891 nommen
420 1883 429 1901 ‚
454 1860 511 1891 bei
536 1861 754 1891 classisclien
779 1861 1060 1893 schriftstellern
1085 1863 1142 1892 nie
1169 1860 1235 1891 den
1262 1861 1343 1891 Ace.
1370 1867 1399 1890 c.
1425 1858 1488 1889 Ins.
1521 1861 1605 1890 statt
1628 1858 1729 1898 quin.

242 1916 363 1956 vergi.
389 1916 422 1956 6,
446 1916 505 1956 21,
530 1915 564 1945 ’7.
590 1915 623 1954 6,
647 1915 708 1953 27,
729 1917 762 1945 5.

330 1983 471 2014 terreri
497 1982 589 2023 pro]
615 1991 645 2013 s.
670 1990 717 2013 zu
740 1982 773 2021 3,
801 1983 855 2023 17,
881 1984 914 2013 3.

333 2050 434 2081 inter
458 2058 591 2081 manus
616 2049 741 2086 habes]
767 2059 796 2080 s.
822 2057 868 2080 zu
891 2049 923 2090 2,
949 2051 980 2089 5,
1004 2050 1037 2080 2.

332 2116 414 2150 VI.
440 2115 670 2157 Apollinari]
696 2125 724 2147 s.
750 2125 794 2148 zu
818 2118 853 2157 2,
878 2117 910 2149 9.
935 2133 980 2139 -
1007 2118 1121 2149 Ueber
1145 2115 1212 2148 den
1238 2117 1338 2148 Bries
1355 2117 1401 2147 im
1426 2115 1673 2156 AlIgemeinen
1698 2123 1728 2145 s.

240 2182 286 2205 zu
308 2174 342 2214 2,
366 2173 421 2205 17.

333 2240 365 2271 1.
391 2247 526 2272 curam
550 2255 592 2262 --
617 2238 757 2275 sellia]
782 2248 811 2269 s.
837 2247 880 2270 zu
903 2239 936 2279 2,
962 2238 1018 2278 11,
1045 2239 1098 2270 15.

331 2306 364 2337 2.
389 2305 454 2337 Est
475 2305 583 2342 sane]
619 2307 725 2337 Diese
757 2306 964 2346 angebliche
990 2304 1092 2347 Conj.
1122 2306 1264 2339 corte's
1297 2303 1371 2337 fiir:
1408 2304 1443 2336 et
1472 2312 1561 2335 sane
1585 2304 1633 2334 ist
1656 2311 1726 2334 nnn

242 2362 349 2394 durch
374 2362 430 2393 die
453 2361 590 2401 Prager
613 2362 808 2393 nandschr.
834 2361 1021 2403 bestiitigt,
1047 2362 1137 2394 doch
1162 2362 1268 2393 findet
1292 2363 1344 2393 sie
1368 2360 1441 2391 sich
1466 2361 1575 2392 sehon
1602 2361 1635 2391 in
1661 2359 1728 2390 den

242 2419 337 2451 alten
363 2418 494 2458 Ausgg.
522 2418 600 2449 Ber.
625 2418 706 2449 Ald.
733 2420 832 2450 Junt.
857 2419 951 2450 Sicu.

334 2493 422 2527 ora,
447 2494 540 2526 quae
568 2502 604 2508 —
634 2485 873 2522 eoetenditur]
902 2486 1028 2517 uieser
1046 2486 1232 2518 sclieinbar
1251 2484 1512 2525 tautologische
1531 2480 1726 2513 Ausdruck

244 2539 291 2569 ist
323 2548 407 2570 vom
440 2541 636 2572 versasser
665 2540 917 2573 ausdriicklich
949 2542 1126 2582 gewiihlt,
1162 2551 1216 2572 urn
1252 2541 1308 2571 die
1342 2538 1549 2581 ungesuude
1581 2536 1726 2577 Gegend

245 2601 315 2624 von
332 2594 396 2624 der
413 2596 593 2634 gesunden
613 2605 659 2627 zu
675 2598 956 2629 unterscheiden.
982 2605 1051 2630 ora
1076 2597 1337 2628 unterscheidet
1354 2596 1427 2626 sich
1447 2601 1516 2625 von
1543 2593 1642 2634 litus,
1657 2591 1729 2622 wie

245 2646 515 2688 ,‚Kiistenland“
541 2660 612 2682 von
631 2651 940 2692 ‚‚Meereskiiste“.
986 2653 1099 2685 Jenes
1113 2653 1296 2685 erstreckt
1319 2653 1393 2682 sich
1419 2651 1524 2682 tiefer
1546 2650 1603 2679 ins
1620 2646 1727 2678 Laud.

245 2703 379 2735 Plinius
403 2704 477 2733 will
503 2713 573 2735 nun
598 2715 723 2748 sagen,
748 2709 811 2740 der
834 2709 933 2740 Theil
959 2709 1020 2741 des
1044 2707 1324 2746 Kiistenlandes‚
1349 2707 1413 2738 der
1437 2705 1493 2735 die
1518 2702 1730 2743 eigenssiche

246 2755 497 2790 Meereskfiste
522 2759 649 2801 bildet‚
684 2764 729 2793 ist
754 2766 788 2795 in
815 2764 881 2795 der
905 2764 997 2796 That
1028 2764 1228 2804 ungesund:
1261 2763 1352 2793 mein
1384 2760 1585 2792 tuscisches
1611 2757 1729 2788 Land-

247 2816 326 2855 gut,
359 2812 520 2853 obgleich
544 2821 584 2845 es
608 2817 698 2847 noch
725 2826 806 2850 zum
829 2818 1072 2851 Kiistenlande
1103 2819 1251 2860 gehon,
1281 2817 1371 2857 liegt
1403 2815 1492 2847 doch
1525 2823 1570 2846 zu
1594 2814 1662 2846 tiet’
1682 2813 1728 2844 im

251 2868 382 2911 Laude,
407 2876 464 2900 um
487 2869 544 2901 die
570 2869 827 2912 nachtheiligen
851 2871 1028 2905 muniisse
1051 2873 1115 2906 des
1138 2875 1278 2906 Meeres
1300 2877 1348 2902 zu
1374 2870 1580 2911 empfinden.
