1855 3200
248 198 354 243 282
829 204 946 243 Plinii
976 205 1224 254 epistolarum

248 321 432 377 quatuor
466 317 717 362 columellae
753 314 983 374 Carystiae
1030 319 1226 362 subeunt.
1306 319 1347 362 Ε
1383 321 1567 365 stibadio
1604 334 1732 380 aqua,

246 385 371 429 velut
395 398 606 442 expressa
629 385 871 428 cubantium
894 384 1086 440 pondere
1111 386 1553 449 siphunculiseffluit3
1577 394 1734 433 cavato

247 451 392 509 lapide
434 453 692 509 suscipitur,
740 452 893 508 gracili
937 464 1147 496 marmore
1189 454 1455 508 continetur,
1500 461 1630 513 atque
1676 458 1733 500 ita

180 527 237 563 37
249 520 417 563 occulte
444 523 719 575 temperatur,
757 524 801 561 ut
820 520 1006 576 impleat,
1034 532 1116 564 nec
1136 519 1364 564 redundet.
1421 520 1732 583 Gustatorium,

246 587 510 644 graviorque
555 599 689 629 coena
732 587 917 643 margini
960 588 1208 648 imponiturt,
1254 589 1396 632 levior
1439 590 1734 634 navicularum

247 659 290 696 et
340 653 482 696 avium
527 652 676 709 figuris
722 653 926 698 innatans
977 655 1145 699 circuit.
1234 653 1396 699 Contra
1446 657 1543 700 fons
1595 658 1735 714 egerit

245 733 399 777 aquam
434 726 479 764 et
513 721 690 778 recipit:
726 733 823 766 nam
859 723 1043 778 expulsa
1078 723 1120 766 in
1154 723 1287 766 altum
1321 724 1365 766 in
1400 736 1451 767 se
1486 723 1600 768 cadit
1627 727 1734 780 Jun-

245 788 415 844 ctisque
449 788 644 845 partibus
679 794 723 833 et
757 790 1016 833 absorbetur
1051 795 1094 833 et
1129 791 1302 834 tollitur.
1373 790 1414 834 E
1448 792 1627 848 regione
1653 793 1732 834 sti-

244 854 362 898 badii
398 855 631 900 adversum
667 857 903 900 cubiculum
939 861 1101 901 tantum
1145 858 1327 902 stibadio
1363 858 1504 902 reddit
1540 864 1732 917 ornatuS,

177 927 449 980 38quantu1n
495 925 650 981 accipit
695 926 749 967 ab
794 926 882 969 illo.
963 925 1181 970 Marmore
1225 925 1451 983 splendet,
1497 927 1645 970 valvis
1688 927 1733 969 in

245 991 400 1036 viridia
435 993 647 1049 prominet
683 997 729 1036 et
764 994 875 1036 exit:
913 994 997 1036 alia
1032 993 1190 1037 viridia
1226 994 1520 1051 superioribus
1554 994 1734 1037 inferio-

243 1059 448 1115 ribusque
495 1060 700 1104 fenestris
753 1061 937 1117 suspicit
982 1061 1266 1119 despicitque.
1357 1062 1461 1104 Mox
1508 1062 1735 1105 zothecula

242 1127 401 1182 refugit
436 1128 559 1184 quasi
593 1129 636 1170 in
672 1128 907 1172 cubiculum
942 1129 1053 1172 idem
1091 1134 1222 1186 atque
1257 1128 1388 1172 aliud.
1467 1130 1631 1172 Lectus
1668 1129 1735 1172 hic

245 1198 289 1236 et
324 1194 509 1251 undique
553 1196 796 1251 fenestrae,
849 1201 892 1239 et
935 1201 1077 1240 tamen
1124 1198 1267 1240 lumen
1312 1197 1540 1239 obscurum
1586 1196 1733 1238 umbra

175 1268 230 1304 39
244 1266 480 1318 premente.
568 1264 679 1307 Nam
733 1263 971 1306 laetissima
1022 1264 1125 1307 vitis
1182 1277 1262 1320 per
1309 1276 1433 1306 omne
1480 1267 1637 1306 tectum
1690 1264 1733 1304 in

243 1329 412 1371 culmen
457 1330 603 1371 nititur
650 1335 693 1374 et
738 1329 977 1374 adscendit.
1059 1331 1158 1373 Non
1203 1343 1335 1374 secus
1381 1330 1462 1384 ibi,
1516 1342 1644 1386 quam
1689 1331 1734 1372 in

243 1408 440 1453 nemore,
491 1399 672 1457 jacea83
726 1397 904 1442 imbrem
949 1402 1140 1456 tantum,
1194 1403 1409 1455 tamquam
1451 1397 1495 1438 in
1540 1409 1731 1455 nemore,

174 1462 327 1506 40non
365 1464 546 1508 sentiaS.
626 1465 711 1508 Hic
746 1478 919 1522 quoque
962 1466 1060 1509 fons
1095 1465 1288 1508 nascitur
1323 1464 1535 1520 simulque
1570 1463 1735 1506 subdu-

242 1530 365 1574 citur.
444 1530 560 1576 Sunt
603 1533 710 1576 locis
752 1532 948 1590 pluribus
991 1531 1202 1590 disposita
1247 1530 1400 1576 sedilia
1448 1544 1473 1575 e
1507 1543 1733 1587 marmore,

334 1733 553 1775 Carystiae]
589 1734 665 1768 Der
694 1735 809 1778 griine
833 1737 990 1768 Marmor
1022 1745 1094 1769 von
1126 1734 1304 1776 Carystos
1344 1735 1382 1784 iu
1406 1733 1527 1765 Eubiia
1563 1732 1646 1765 fand
1677 1732 1734 1766 het

240 1791 308 1822 den
345 1789 504 1822 Riimern
529 1798 682 1831 grossen
708 1792 845 1833 Beifall,
867 1792 954 1823 Plin.
981 1793 1022 1822 H.
1047 1791 1086 1823 N.
1111 1793 1168 1833 36,
1193 1792 1227 1821 6.
1250 1791 1373 1822 Tibull.
1398 1790 1432 1830 3,
1456 1790 1489 1829 3,
1515 1788 1567 1820 14.

333 1867 390 1898 37.
418 1867 679 1900 Gustatorium
704 1871 772 1901 und
800 1870 929 1906 coena]
956 1869 1081 1900 stehen
1106 1869 1184 1899 hier
1200 1865 1259 1898 fiir
1277 1867 1338 1898 das
1357 1865 1529 1897 Geschirr
1552 1865 1677 1904 selbst,
1695 1865 1731 1896 in

242 1921 417 1954 welchem
451 1921 508 1953 die
540 1924 705 1956 Vorkost
736 1925 803 1955 und
836 1924 891 1956 die
931 1924 1166 1964 eigentlichen
1199 1922 1463 1963 Tafelgerichte
1498 1921 1733 1961 ausgetragen

243 1979 404 2010 wurden.
452 1985 567 2010 coena
591 1980 649 2011 hat
675 1980 740 2011 der
763 1979 868 2019 Prag.
894 1979 961 2010 und
987 1979 1129 2010 {ihnlich
1154 1978 1218 2010 der
1242 1978 1348 2009 Med:
1373 1983 1545 2015 coenam3
1571 1976 1627 2007 die
1642 1975 1734 2007 Vul-

243 2037 345 2074 gate:
369 2034 539 2065 coenatio
564 2035 703 2066 mochte
726 2036 853 2067 weder
873 2036 909 2066 in
934 2035 1012 2066 dem
1034 2034 1290 2075 angegebenen
1308 2034 1396 2064 Sinn
1415 2032 1618 2074 gebraucht‚
1642 2032 1733 2064 noch

243 2091 306 2122 mit
326 2089 507 2131 yravior,
534 2089 653 2121 levior
678 2091 884 2123 verbunden
908 2092 1057 2123 werden
1082 2088 1219 2122 diirfen.

325 2154 540 2196 junctaeque
563 2157 756 2198 partibus]
783 2158 873 2190 nach
909 2158 988 2189 dem
1016 2158 1103 2196 Aug.
1138 2155 1285 2187 Helmst.
1321 2155 1413 2186 Med.
1447 2155 1550 2194 Prag.
1582 2152 1642 2185 fiir
1674 2154 1731 2186 die

243 2211 370 2252 vulg:
394 2212 565 2253 hiatibus,
583 2213 742 2245 welches
767 2221 835 2244 nur
858 2213 922 2244 auf
939 2211 1165 2251 absorbetur,
1189 2211 1287 2242 nicht
1310 2210 1374 2240 auf
1394 2209 1545 2240 tollitur
1569 2210 1731 2250 bezogen

242 2267 393 2299 werden
419 2268 564 2299 konnte.
609 2269 738 2308 partes
761 2270 855 2300 steht
879 2269 957 2298 hier
980 2265 1040 2298 fiir
1063 2267 1175 2307 viceS,
1201 2264 1434 2296 vicissitudo.
1474 2261 1618 2303 junctis
1638 2274 1730 2306 par-

243 2323 339 2355 tibus
363 2325 437 2364 „im
461 2324 650 2355 vereinten
674 2323 707 2354 d.
733 2323 764 2354 h.
789 2321 1088 2364 gleichmassigen
1111 2320 1318 2354 Wechse1.“

336 2403 394 2434 38.
421 2401 638 2439 Marmore]
675 2401 766 2433 nach
797 2400 866 2433 den
897 2401 1045 2433 bessem
1081 2399 1354 2432 Handschrifteu
1379 2396 1437 2432 fiir
1469 2399 1526 2431 die
1557 2399 1729 2440 Vulgate:

245 2468 270 2488 a
293 2464 493 2489 marmore.

334 2524 556 2562 zothecula]
582 2533 612 2556 S.
639 2533 684 2556 zu
706 2524 740 2566 2,
766 2525 819 2565 17,
843 2523 898 2556 21.

334 2591 472 2630 premit
514 2590 668 2630 umbra]
714 2593 927 2634 gleichsam:
982 2592 1082 2633 „der
1126 2592 1294 2623 schatten
1339 2591 1427 2632 liegt
1461 2589 1562 2631 dort,
1604 2598 1644 2621 es
1686 2589 1733 2622 ist

250 2645 412 2684 schattig.
425 2646 448 2663 “

338 2712 397 2743 39.
422 2713 581 2750 nititur]
607 2722 689 2747 zum
704 2716 936 2748 Unterschied
954 2724 1026 2747 von
1050 2714 1228 2755 ascendit,
1250 2714 1463 2747 bezeichnet
1485 2712 1549 2743 das
1562 2712 1727 2751 Streheu‚

248 2767 440 2808 gleichsam
465 2768 521 2798 die
546 2769 798 2812 Austrenguug
821 2772 885 2804 des
910 2772 1162 2812 Weinstocks,
1193 2770 1270 2802 sich
1294 2766 1623 2809 emporzuranken‚
1653 2767 1727 2799 Cic.

249 2824 390 2856 Senect.
414 2822 471 2854 23.
499 2822 618 2860 Quint.
643 2832 802 2863 prooem.
829 2827 863 2858 1.
895 2826 962 2859 Ov.
986 2827 1087 2858 Pont.
1112 2826 1146 2867 2,
1169 2825 1203 2866 7,
1225 2825 1282 2856 27.

338 2888 393 2922 40.
418 2889 515 2923 Sunt
537 2887 647 2926 locis]
682 2889 772 2924 Hier
803 2892 938 2933 spricht
959 2891 1051 2927 min.
1079 2891 1218 2926 wieder
1249 2896 1322 2923 von
1352 2888 1430 2923 dem
1468 2887 1728 2930 hippodromus,
