1855 3200
219 184 288 228 86
771 191 888 228 Plinii
919 192 1165 239 epistolarum

219 316 244 344 a
272 303 494 360 plerisque
529 304 639 346 cibis
673 305 829 361 singuli
865 310 1170 361 temperemus,
1207 309 1334 347 totam
1354 308 1496 347 tamen
1532 317 1708 348 coenam

220 369 398 414 laudare
443 384 592 414 omnes
628 371 838 415 solemus:
884 386 966 415 nec
1002 386 1076 428 ea,
1123 384 1235 428 quae
1279 372 1523 414 stoma<·l1us
1560 378 1708 414 noster

151 453 176 486 9
217 441 407 491 recusat,
441 437 631 481 adimunt
664 440 845 494 gratiam
874 440 976 491 illis,
1013 440 1166 495 quibus
1187 441 1365 495 capitur.
1426 439 1707 495 .Atq11ehaec

218 518 300 561 ego
339 505 402 547 sic
447 507 589 561 accipi
631 507 757 560 volo,
815 520 898 548 non
940 511 1142 563 tanquam
1198 506 1446 549 adsecutum
1495 520 1560 548 me
1605 519 1707 548 esse

217 571 405 630 credam,
443 572 523 615 sed
559 578 769 628 tamquam
804 573 985 629 adsequi
1007 575 1305 616 laboraverim.
1378 574 1588 615 Fortasse
1621 585 1706 615 non

216 640 400 693 frustra,
447 640 484 681 si
519 639 642 682 modo
678 644 723 682 tu
759 654 901 683 curam
938 646 1051 683 tuam
1087 641 1356 699 admoveris,
1393 641 1558 682 interim
1595 639 1706 694 istis,

151 719 312 755 10mox
348 706 416 762 iis,
452 719 563 763 quae
600 715 850 762 sequuntur.
920 709 1079 762 Dices,
1125 714 1169 751 te
1205 721 1288 750 non
1327 721 1459 763 posse
1495 707 1600 749 satis
1636 705 1706 747 di-

215 774 400 827 ligenter
435 774 476 815 id
514 775 682 827 facere,
728 777 812 817 nisi
859 777 977 832 prius
1014 780 1143 818 totam
1188 777 1396 817 actionem
1432 775 1705 830 cognoveris.

214 841 399 882 Fateor:
435 841 475 882 in
514 841 762 901 praesentia
799 847 939 885 tamen
978 848 1021 885 et
1055 843 1141 884 ista
1176 843 1248 884 tibi
1285 843 1489 883 t‘amiliora
1525 841 1628 883 fient
1663 844 1708 884 et

215 905 425 964 quaedam
461 921 516 951 ex
556 908 621 949 his
657 909 760 950 talia
791 915 930 961 erunt,
967 915 1012 950 nt
1047 922 1125 964 per
1160 914 1310 965 partes
1348 907 1565 950 emendari
1601 921 1696 963 pos-

147 976 312 1023 11sint.
396 973 567 1017 Etenim
622 975 657 1016 si
705 976 905 1018 avulsum
951 980 1127 1018 statuae
1174 980 1305 1031 caput
1349 980 1422 1017 aut
1476 976 1707 1017 membrum

213 1040 386 1098 aliquod
421 1042 679 1097 inspicereS,
718 1056 799 1085 non
837 1049 880 1085 tu
903 1043 1071 1099 quidem
1091 1057 1144 1085 ex
1167 1043 1242 1084 illo
1264 1055 1424 1099 posses
1461 1055 1706 1097 congruen-

213 1109 314 1150 tiam
351 1110 739 1165 aequalitatemque
760 1109 1102 1166 deprehendere,
1139 1123 1297 1166 posses
1321 1114 1460 1151 tamen
1490 1108 1707 1167 judicare,

146 1182 268 1218 12an
322 1174 367 1217 id
410 1178 548 1233 ipsum
593 1177 701 1217 satis
749 1179 929 1233 elegans
976 1183 1107 1220 esset.
1186 1178 1282 1220 Nec
1328 1177 1411 1219 alia
1449 1190 1504 1220 ex
1547 1189 1705 1218 caussa

213 1243 419 1299 principia
463 1242 661 1284 librorum
700 1245 1077 1300 circumferuntur3
1126 1257 1250 1301 quam
1295 1244 1391 1300 quia
1436 1244 1706 1287 existimatur

145 1321 318 1367 13pars
367 1311 509 1366 aliqua
556 1309 686 1352 etiam
732 1312 825 1352 sine
873 1312 1057 1352 caeteris
1095 1324 1196 1354 esse
1231 1312 1438 1367 perfecta.
1509 1310 1703 1364 Longius

212 1390 280 1420 me
314 1377 519 1434 provexit
565 1376 746 1420 dulcedo
793 1377 1002 1434 quaedam
1045 1383 1184 1420 tecum
1234 1376 1457 1432 loquendi:
1503 1375 1582 1419 sed
1611 1378 1703 1431 jam

212 1444 336 1487 finem
371 1444 536 1499 faciam,
572 1457 627 1486 ne
663 1443 843 1498 modum‚
880 1458 1004 1500 quem
1042 1444 1173 1486 etiam
1197 1445 1381 1499 orationi
1417 1441 1706 1486 adhibendum

213 1516 333 1568 puto,
369 1512 409 1553 in
447 1511 630 1568 epistola
667 1511 888 1555 excedam.
960 1511 1084 1554 Vale.

298 1702 330 1730 8.
358 1701 628 1742 temperemus]
654 1702 701 1733 Es
726 1704 771 1733 ist
796 1710 860 1743 gar
886 1704 981 1734 nicht
1006 1701 1299 1742 ungewtihnhch,
1334 1701 1418 1732 dass
1445 1703 1554 1733 verba
1578 1706 1703 1733 trans-

209 1756 297 1787 itiva
332 1757 495 1788 neutrale
521 1759 724 1798 Bedeutung
747 1760 957 1797 annehmen,
981 1766 1023 1788 so
1055 1757 1137 1787 dass
1162 1758 1248 1788 auch
1272 1757 1351 1788 hier
1374 1759 1470 1788 nicht
1494 1758 1618 1797 not-hig
1641 1758 1704 1796 ist,

208 1812 444 1843 stomachum
468 1814 643 1844 nostrum
666 1822 711 1844 zu
737 1815 931 1853 suppliren.

300 1900 433 1941 quibus
458 1901 633 1941 capitur]
668 1902 754 1932 nach
789 1903 906 1932 vielen
933 1900 1225 1939 nandechriften,
1264 1899 1350 1930 auch
1377 1899 1440 1931 der
1465 1900 1598 1941 Prager
1633 1901 1703 1931 und

208 1956 305 1987 alten
333 1957 469 1997 Ausgg.
496 1958 569 1987 wie
593 1957 673 1988 Ber.
700 1957 776 1987 Ald.
802 1955 879 1988 fiir:
904 1965 927 1987 a
953 1957 1084 1997 quibus
1107 1965 1137 1988 c.
1162 1955 1275 1996 vergl.
1299 1955 1332 1995 2,
1359 1956 1411 1993 19,
1437 1955 1468 1986 4.
1495 1956 1525 1994 9,
1550 1955 1582 1994 6,
1607 1955 1639 1985 3.

298 2046 332 2076 9.
357 2053 429 2076 non
457 2045 640 2085 tauquam
669 2061 701 2067 -
732 2044 1008 2095 laboraverim]
1045 2046 1110 2076 Die
1145 2045 1394 2076 Aehnlichkeit
1427 2045 1547 2076 dieser
1571 2045 1700 2076 Worte

209 2103 271 2133 mit
305 2102 383 2133 dem
411 2102 613 2133 bekannten
640 2102 845 2141 Ausspruch
883 2102 946 2133 des
972 2102 1140 2141 Apostels
1167 2105 1209 2131 ist
1229 2099 1419 2142 jedensalls
1445 2109 1510 2131 nur
1534 2100 1698 2141 zufz'illig.

298 2190 353 2222 10.
384 2190 502 2228 Dices,
529 2190 563 2221 te
587 2191 681 2227 non]
707 2191 846 2221 scheint
870 2191 1056 2221 fehlerhaft
1083 2188 1139 2220 fiir
1163 2190 1329 2229 mutabis,
1355 2190 1412 2227 ἐκ
1437 2190 1524 2220 doch
1551 2189 1699 2220 werden

208 2246 395 2279 Einwiirfe
417 2246 642 2285 gewtihnlich
669 2246 776 2277 durch
801 2247 902 2276 dices
927 2245 1188 2285 augekiindigt,
1223 2249 1313 2277 auch
1338 2247 1503 2277 schliesst
1527 2246 1598 2276 sich
1625 2253 1700 2275 non

211 2304 290 2334 luen·
314 2300 531 2334 natiirlicher
554 2310 596 2332 an
623 2309 743 2341 posse,
769 2302 823 2332 als
846 2310 891 2333 an
916 2301 1031 2340 dices,
1054 2302 1162 2332 sehon
1178 2310 1307 2342 wegeu
1321 2302 1384 2332 des
1399 2301 1588 2342 folgenden
1612 2301 1702 2341 nisi,

211 2368 253 2389 so
280 2358 378 2390 Curt.
401 2358 435 2398 7,
458 2359 491 2389 5.
516 2357 601 2397 Nep,
626 2358 714 2388 Mitt.
738 2358 772 2388 3.

300 2447 339 2476 in
367 2446 605 2488 praesentia]
635 2447 748 2488 vergl.
774 2456 816 2478 zu
845 2447 876 2489 1,
900 2446 933 2487 ³7,
958 2447 990 2479 3.

302 2534 356 2565 11.
383 2537 671 2574 εοηῃνυεπιὶαηι
696 2536 1060 2577 aequalitatemque]
1110 2538 1175 2568 Die
1201 2537 1333 2568 Romer
1358 2537 1473 2568 hatten
1500 2535 1703 2576 eigenth'ch,

207 2592 280 2621 wie
305 2590 367 2620 der
391 2589 503 2621 altere
520 2591 605 2621 Ptin.
632 2592 744 2632 klagt‚
770 2593 900 2624 keinen
918 2593 1104 2624 Ausdruck
1132 2592 1189 2623 fiir
1212 2594 1438 2631 symmetria
1465 2591 1699 2630 Propertium

207 2647 318 2676 daher
337 2645 439 2674 sucht
465 2653 504 2674 es
531 2653 641 2677 unser
659 2649 853 2679 versasser
875 2650 982 2680 durch
1002 2646 1088 2689 jene
1102 2649 1230 2680 Worte
1252 2646 1537 2679 auszudriicken.
1574 2647 1698 2677 vitruv

210 2701 359 2732 hraueht
382 2697 487 2730 dafiir
511 2708 739 2734 commensus
769 2706 843 2741 l,3.
871 2705 905 2743 3,
934 2705 960 2736 l.
988 2707 1119 2736 sueton
1146 2704 1387 2735 commoditas
1411 2704 1502 2742 Aug.
1528 2701 1583 2731 79.
1610 2699 1697 2731 Gel-

207 2759 275 2788 lius
309 2755 570 2796 competentia.
596 2758 729 2789 sueton
766 2760 947 2791 vei-bindet
984 2762 1017 2791 in
1051 2768 1145 2800 ganz
1179 2760 1350 2799 gleichem
1382 2759 1489 2788 §inne
1524 2754 1698 2794 aequalis

209 2813 245 2844 et
271 2819 483 2851 construens
507 2809 626 2841 Tiber.
653 2812 706 2841 68.
