1855 3200
192 200 266 245 44
740 204 858 242 Plinii
897 187 1145 251 epistolarum

154 324 360 374 5nasque
406 331 620 361 numeres.
701 319 828 359 Nune
879 318 1054 372 primum
1091 330 1140 358 se
1177 316 1216 357 in
1254 322 1408 360 vetere
1443 317 1677 373 comoedia,

194 384 272 429 sed
309 398 391 427 non
440 391 649 442 tamquam
683 384 912 441 inciperet,
962 383 1160 426 ostendit.
1240 384 1340 425 Non
1374 385 1433 426 illi
1473 386 1556 440 vis,
1594 399 1676 428 non

192 452 431 509 granditas,
469 466 550 495 non
587 451 818 509 subtilitas.
855 464 940 493 non
969 450 1218 503 amaritudo,
1254 462 1337 493 non
1360 450 1557 507 dulcedo,
1596 466 1677 495 non

182 521 318 579 ,ΙἉῙΨ5
354 519 499 562 defuit.
571 518 756 562 Ornavit
791 518 992 571 virtutes,
1028 520 1268 560 insectatus
1305 522 1373 560 est
1407 520 1528 574 vitia,
1564 520 1678 563 fictis

156 587 436 632 Gnominibus
468 585 687 640 decenter,
725 586 846 628 veris
887 599 992 627 usus
1028 590 1096 629 est
1130 590 1246 641 apte.
1234 568 1444 629 f—Circa
1480 601 1545 630 me
1581 593 1681 629 tau-

195 660 280 696 tum
327 654 589 708 benignitate
635 652 761 695 nimia
796 652 961 695 modum
998 653 1213 707 excessit,
1263 653 1344 694 nisi
1379 653 1493 709 quod
1535 658 1680 699 tamen

156 721 337 777 vpoetis
383 721 553 762 mentiri
597 721 711 763 licet.
791 720 845 762 In
891 733 1077 773 summa,
1122 720 1387 776 extorquebo
1431 721 1470 764 ei
1517 721 1680 776 librum,

196 787 535 843 legendumque,
590 789 711 830 immo
765 787 1077 845 ediscendum,
1134 788 1297 830 mittam
1351 788 1439 830 tibi.
1528 789 1683 845 Neque

194 855 303 898 enim
335 854 478 897 dubito
528 856 737 914 futurum,
788 860 834 898 ut
870 868 951 898 non
989 854 1209 913 deponas,
1258 856 1294 898 si
1330 856 1461 898 semel
1510 869 1682 899 sumse-

194 922 268 965 ris,
341 923 465 965 Vale.

832 1056 1039 1101 XXII.

579 1167 633 1216 C.
671 1167 861 1216 Plinius
903 1166 1077 1216 Tironi
1108 1166 1214 1216 Suo
1250 1166 1305 1215 S.

158 1289 181 1324 1
332 1273 492 1329 Magna
543 1287 615 1316 res
662 1278 759 1315 acta
806 1277 874 1317 est
920 1273 1123 1330 omnium,
1178 1272 1252 1330 qui
1298 1278 1398 1314 sunt
1443 1272 1684 1329 provinciis

195 1340 445 1398 praefuturi,
482 1353 636 1396 magna
655 1341 850 1398 omnium,
889 1341 1029 1397 quise
1047 1341 1295 1397 simpliciter
1318 1339 1500 1382 credunt
1520 1340 1683 1382 amicis.

153 1409 425 1463 2Lustricus
473 1405 726 1451 Bruttianus
770 1404 871 1451 cum'
899 1408 1148 1450 Montanum
1193 1407 1446 1463 Atticinum,
1491 1407 1686 1448 comitem

197 1489 334 1528 suum,
373 1476 414 1517 in
450 1476 594 1517 multis
629 1476 801 1530 flagitiis
838 1474 1227 1532 deprehendisset,
1274 1472 1453 1516 Caesari
1489 1474 1684 1530 scripsit.

199 1543 413 1585 Atticinus
448 1543 616 1598 flagitiis
662 1542 844 1595 addidit,
886 1547 931 1585 ut
974 1555 1100 1598 quem
1137 1541 1395 1597 deceperat,
1441 1545 1684 1583 accusaret.

198 1613 394 1667 Recepta
438 1611 622 1666 cognitio
668 1615 758 1653 est:
805 1610 863 1652 fui
907 1611 947 1652 in
990 1611 1216 1652 consilioz-
1247 1610 1334 1665 egit
1380 1613 1563 1665 uterque
1609 1620 1684 1664 pro

286 1790 318 1819 5.
342 1788 563 1829 yranclitas]
590 1789 657 1820 und
680 1788 840 1828 {fraudis
863 1788 1053 1828 eigentlich
1079 1794 1150 1817 von
1174 1785 1460 1826 Gegenstiiuden,
1484 1787 1541 1818 die
1566 1787 1601 1817 in
1626 1787 1682 1819 die

200 1846 325 1885 Augen
360 1843 490 1884 fallen,
521 1844 726 1884 gebraucht.
782 1843 863 1874 Von
895 1843 974 1874 dem
999 1841 1186 1874 Ausdruck
1222 1842 1285 1873 der
1316 1841 1414 1872 Rede
1446 1841 1584 1873 erklart
1608 1841 1682 1873 Cic.

197 1901 253 1932 Or.
278 1899 324 1930 20
347 1907 388 1930 es
419 1900 532 1930 selbst
564 1901 695 1931 durch:
729 1899 854 1940 ampla
887 1898 923 1929 et
956 1898 1225 1930 sententiarum
1255 1898 1426 1937 gli-avitas
1450 1897 1485 1928 et
1509 1895 1686 1936 majestas

197 1956 406 1987 verborum·
453 1955 527 1986 Das
551 1955 781 1987 Griechische
803 1950 900 1992 ὕψος.
957 1955 1015 1986 Bei
1040 1955 1175 1986 Plinius
1198 1953 1310 1994 praef.
1335 1953 1377 1984 ad
1404 1953 1473 1984 Tit.
1509 1954 1607 1986 steht
1643 1962 1683 1985 es

198 2012 264 2044 der
287 2010 463 2052 parvitas
485 2009 704 2052 gegeniiber.

290 2080 325 2109 6.
353 2077 488 2115 Circa]
515 2087 544 2109 s·
569 2087 612 2109 zu
636 2080 670 2117 3,
694 2079 727 2118 9,
753 2078 806 2109 13.

288 2146 457 2182 mentiri]
484 2147 599 2177 Schon
624 2146 733 2177 Solon
758 2146 859 2177 wart·
887 2145 964 2176 dem
1005 2144 1170 2184 Thespis
1191 2142 1398 2183 ψευδολογία
1425 2151 1493 2175 vor
1524 2144 1592 2175 und
1617 2146 1684 2177 So·

199 2205 322 2234 crates
353 2201 514 2232 erkliirte
546 2200 686 2242 ποίησιν
720 2199 780 2232 οὐκ
815 2193 924 2241 εἶναι,
956 2194 1049 2245 ᾗμή
1073 2198 1197 2238 ψεῦδος
1221 2197 1371 2240 πρόςεςι.
1416 2199 1504 2230 Plut.
1538 2199 1570 2229 d.
1602 2200 1681 2231 aud.

199 2261 294 2297 poet.
318 2257 350 2288 2.
402 2257 543 2289 Ebenso
568 2262 647 2297 sagr
673 2265 780 2289 unser
805 2257 960 2288 Plinius:
985 2255 1071 2300 quid
1093 2255 1224 2296 poetae
1247 2263 1328 2286 cum
1351 2251 1453 2293 fide?
1477 2255 1510 2295 9,
1532 2255 1591 2298 33,
1617 2255 1648 2286 1.

290 2325 324 2356 7.
351 2325 395 2356 1η
419 2323 579 2360 summa]
605 2333 634 2354 s.
660 2332 707 2354 zu
732 2323 763 2364 1,
792 2324 846 2363 12,
874 2322 929 2354 12.

290 2391 416 2434 Neque
442 2391 590 2428 dubito]
615 2400 645 2421 s-
669 2399 716 2422 zu
739 2391 771 2432 5,
795 2393 828 2430 5,
850 2391 884 2421 7.

291 2479 449 2514 XXII.
478 2481 506 2512 1.
532 2480 767 2521 simpliciter]
794 2481 878 2512 VVie
900 2478 1120 2517 simplicitas
1145 2476 1389 2520 urspriinglich
1415 2486 1486 2511 nur
1507 2480 1588 2511 eine
1612 2480 1684 2511 Tu-

203 2538 293 2576 geud
317 2538 524 2568 bezeichnet
547 2536 615 2567 und
642 2544 711 2567 von
736 2536 925 2576 Offenheit‚
947 2536 1004 2567 die
1029 2543 1099 2566 von
1125 2534 1352 2581 Verstelluug
1378 2536 1445 2566 und
1462 2533 1686 2567 Zuriickhal-

206 2594 290 2629 tung
315 2593 423 2622 nichts
448 2594 572 2632 weiss,
595 2593 788 2633 gebraucht
811 2593 917 2633 wird,
941 2592 1032 2623 daun
1049 2592 1136 2623 aber
1160 2592 1271 2622 durch
1296 2590 1353 2622 die
1365 2591 1685 2633 Unbesonnenheit,

206 2645 344 2676 welche
368 2647 483 2676 eiuem
507 2649 652 2679 solehen
679 2643 882 2680 Verfahren
907 2649 962 2680 oft
985 2648 1187 2687 heiu-ohnt,
1223 2647 1334 2678 selbst
1358 2648 1448 2679 nahe
1471 2655 1515 2678 an
1540 2647 1683 2681 Dumm-

208 2701 280 2732 heit
310 2707 470 2739 grenzen
503 2701 596 2732 kann
619 2702 727 2743 (ganz
759 2704 896 2736 ahnlich
929 2712 1090 2736 unserm·
1128 2702 1295 2743 Einfalt)
1327 2711 1370 2733 so
1404 2703 1566 2734 bedentet
1596 2704 1682 2735 auch

207 2757 284 2787 hier
307 2754 540 2794 simpliciter:
565 2757 655 2788 ohne
669 2757 860 2802 Riickhalt,
883 2761 974 2792 ohne
993 2769 1029 2792 w
1033 2761 1168 2793 eiteres
1185 2758 1387 2798 Bedenken,
1411 2758 1684 2790 unbesonnener

207 2812 255 2843 Vi
258 2812 347 2850 eise,
369 2810 484 2849 vergi.
507 2809 541 2850 4,
566 2811 598 2850 9,
622 2813 654 2842 6.

296 2888 326 2920 2
353 2886 516 2925 Recepta
540 2888 699 2929 coquitzo
730 2890 800 2927 est]
835 2890 886 2922 Da
909 2893 973 2924 der
1007 2891 1143 2934 Kliiger
1178 2891 1393 2924 zuviirderst
1431 2893 1522 2924 beim
1554 2888 1682 2923 Prfltor
