1855 3200
671 192 770 230 liber
800 194 972 239 quartus.
1479 180 1585 228 239

764 301 931 346 XVI.

331 412 385 463 C.
424 412 613 462 Plinius
660 413 854 462 Valerio
888 411 1119 460 Paullino
1155 408 1263 458 Suo
1299 407 1354 456 S.

134 563 140 567 ,
180 577 184 580 ¹
233 519 388 563 Gaude
422 533 531 572 meo,
566 519 708 575 gaude
743 524 828 572 tuo,
864 518 1006 575 gaude
1043 518 1169 560 etiam
1195 516 1364 572 publico
1400 514 1585 558 nomine.
1627 505 1652 540 ¹

99 590 252 634 Adhuc
288 589 424 630 honor
458 586 614 629 studiis
649 586 789 629 durat.
860 586 1080 636 Proxime,
1116 596 1212 626 cum
1246 583 1444 633 dicturus
1474 581 1589 639 apud

100 656 392 701 centumviros
428 668 595 709 essem,
632 653 819 699 adeundi
864 653 1144 709 mihi¹locus,
1193 651 1276 693 nisi
1311 664 1338 693 a
1373 651 1588 704 tribunali,

101 725 182 768 nisi
218 737 294 779 per
330 724 450 779 ipsos
479 722 677 780 judices,
725 734 809 764 non
846 722 946 764 fuit:
991 723 1109 762 tanta
1145 719 1380 775 stipatione
1415 711 1589 762 caetera

100 792 369 836 tenebantur.
453 790 524 845 Ad
558 790 638 832 hoc
683 788 853 846 quidam
888 792 1064 831 ornatus
1099 786 1387 841 adolescenS,
1434 785 1588 829 scissis
1629 784 1656 821 2

102 859 278 915 tunicis,
334 862 380 900 ut
422 860 462 900 in
505 858 748 913 frequentia
793 857 908 901 solet
942 856 1059 908 fieri,
1111 855 1206 897 sola
1257 855 1434 897 velatus
1485 857 1589 909 toga

102 927 312 983 perstitit,
358 930 401 968 et
443 925 615 981 quidem
657 926 774 968 horis
819 926 999 980 septem.
1079 924 1191 965 Nain
1235 926 1322 965 tam
1365 921 1439 964 diu
1485 921 1588 978 dixi,

103 1005 257 1049 magno
294 1005 389 1036 eum
424 993 591 1048 labore,
636 992 717 1037 sed
752 995 913 1049 majore
957 1004 1052 1034 cum
1098 991 1252 1033 fructu.
1324 988 1590 1033 Studeamus
1630 991 1657 1026 3

105 1074 233 1115 ergo,
282 1073 361 1103 nee
398 1058 590 1103 desidiae
626 1065 803 1103 nostrae
840 1057 1170 1116 praetendamus
1206 1058 1404 1100 alienam.
1475 1055 1590 1100 Sunt

104 1129 178 1184 qui
225 1126 423 1184 audiant,
470 1132 570 1169 sunt
612 1128 682 1184 qui
726 1129 899 1182 legant:
949 1138 1029 1168 nos
1064 1124 1189 1166 modo
1226 1123 1400 1180 dignum
1433 1121 1592 1180 aliquid

104 1195 295 1249 auribus,-
330 1194 500 1250 dignum
537 1194 699 1237 chartis
736 1195 1020 1239 elaboremus
1093 1190 1219 1235 Vale.

741 1337 952 1383 xm.

506 1425 559 1487 C.
596 1439 785 1487 Plinius
824 1437 970 1486 Gallo
1005 1435 1114 1485 Suo
1148 1424 1205 1485 S'.

244 1541 304 1586 Et
338 1543 543 1586 admones
567 1550 609 1586 et
639 1557 785 1599 rogas,
823 1549 868 1586 ut
892 1544 1124 1599 suscipiam
1158 1541 1355 1584 absentis
1379 1533 1595 1583 Corelliae
1635 1541 1662 1580 1

111 1624 308 1654 caussam
346 1615 493 1653 contra
516 1607 566 1652 C.
592 1608 840 1662 Caecilium,
877 1608 1107 1652 Consulem
1126 1608 1412 1663 designatum.
1471 1605 1598 1659 Quod

111 1677 342 1731 admones,
388 1679 551 1733 gratias
599 1690 707 1733 ago:
753 1676 864 1733 quod
900 1689 1059 1732 rogaS,
1107 1688 1280 1732 queror.
1360 1671 1598 1716 Admoneri

113 1747 221 1789 enim
246 1745 397 1799 debeo,
434 1748 480 1786 ut
513 1745 669 1787 sciam:
706 1745 851 1799 rogari
887 1757 970 1786 non
1007 1743 1162 1800 debeo,
1200 1746 1246 1784 ut
1281 1742 1446 1795 faciam,
1483 1738 1598 1796 quod

110 1813 205 1854 mihi
241 1825 322 1854 non
359 1812 505 1855 facere
540 1811 830 1867 turpissimum
868 1815 948 1854 est.
1030 1810 1101 1851 An
1146 1822 1226 1865 ego
1272 1809 1383 1852 tueri
1419 1805 1598 1851 Corellii
1637 1809 1664 1847 2

200 1941 329 1976 XVI.
354 1943 551 1981 Paullino]
577 1953 606 1974 s.
630 1944 664 1984 2,
689 1944 721 1975 2.

202 2009 234 2042 1.
252 2007 418 2049 judicet]
445 2019 486 2042 so
510 2011 659 2042 wurden
684 2011 741 2043 die
765 2009 998 2043 centumviri]
1023 2010 1075 2041 oft
1098 2011 1268 2050 genanut,
1294 2007 1410 2048 vergi.
1435 2007 1469 2045 5,
1490 2004 1598 2044 21‚2.

118 2067 152 2107 6,
175 2066 228 2106 33,
250 2067 284 2097 2.
308 2067 341 2106 9,
366 2066 422 2106 23,
447 2067 480 2097 1.
512 2067 627 2105 Quint.
656 2067 709 2107 11,
737 2067 769 2105 1,
792 2067 848 2097 78.
911 2066 1007 2097 Doch
1039 2065 1192 2096 werden
1225 2066 1279 2096 sie
1314 2064 1392 2095 dem
1420 2061 1600 2103 privatus

111 2119 232 2161 judex
256 2116 601 2165 entgegengesetzt,
619 2124 738 2161 Quint.
765 2125 800 2164 5,
826 2122 879 2163 10,
906 2122 972 2154 115
996 2122 1111 2162 vergl.
1127 2120 1200 2152 Cic.
1224 2119 1257 2150 d.
1283 2122 1375 2151 orat.
1401 2117 1434 2158 1,
1460 2117 1518 2147 38.
1542 2117 1598 2147 39.

202 2189 236 2220 2.
261 2189 489 2228 adolescens]
514 2191 635 2231 Junge
659 2191 769 2223 Leute
801 2190 997 2222 besuchten
1027 2187 1262 2229 gerichtliche
1288 2183 1600 2224 Verhandlnngen,

114 2245 328 2276 namentlich
363 2247 396 2277 in
428 2247 624 2287 wichtigen
650 2246 894 2278 Rechtsfitllen
932 2245 1021 2276 oder
1055 2252 1165 2276 wenu
1200 2244 1256 2275 ein
1279 2240 1602 2282 ausgezeichneter

116 2300 255 2332 Redner
273 2301 427 2342 ausu-at,
461 2311 570 2342 geru,
603 2312 659 2334 um
693 2304 781 2334 nach
806 2305 914 2342 guten
939 2302 1113 2333 Mustern-
1132 2301 1206 2331 sich
1238 2307 1282 2330 zu
1307 2298 1435 2329 bilden.
1482 2295 1601 2327 Daher

114 2364 196 2387 war
219 2364 258 2387 es
282 2357 378 2388 nicht.
400 2365 495 2398 ganz
522 2359 792 2399 ungewohnlich
811 2381 821 2397 ,
846 2358 922 2389 sich
946 2358 1009 2388 mit
1033 2358 1155 2388 seiner
1179 2355 1277 2386 Bede
1302 2351 1529 2385 unmittelbar
1553 2357 1601 2381 an

113 2412 170 2442 sie
195 2419 239 2442 zu
265 2413 437 2452 wenden,
470 2414 700 2451 nannentlich,
734 2422 843 2444 wenn
868 2421 946 2444 man
978 2413 1046 2442 den
1072 2412 1203 2443 Schein
1229 2407 1436 2440 vermeiden
1459 2406 1600 2446 welhe,

114 2468 168 2499 als
192 2468 315 2499 wollte
340 2477 419 2499 man
444 2468 500 2499 die
525 2469 669 2499 Richter
694 2469 873 2508 belehren,
895 2476 937 2499 so
962 2467 1038 2498 Cic.
1065 2477 1098 2507 p.
1125 2468 1224 2497 sext.
1249 2465 1306 2496 23.

207 2534 364 2571 tunicis]
389 2543 419 2564 s.
445 2543 489 2565 zu
512 2535 546 2572 2,
569 2534 627 2573 20,
650 2534 763 2565 10.—-
786 2536 835 2566 Es
860 2534 954 2566 kann
981 2534 1074 2564 nicht
1088 2532 1268 2572 auffanen,
1292 2530 1374 2562 dass
1399 2530 1455 2561 die
1470 2528 1602 2560 Unter-

118 2587 257 2620 kieider
281 2589 462 2619 zerrissen
486 2589 648 2627 werden,
673 2597 763 2620 onne
788 2589 874 2619 dass
892 2588 1058 2628 die'roga
1072 2587 1231 2618 schaden
1255 2585 1374 2626 leidet,
1398 2584 1496 2616 diese
1519 2592 1602 2616 war

116 2650 182 2675 aus
207 2643 327 2674 Einem
351 2641 494 2681 Stiicke‚
519 2644 588 2684 gab
612 2645 712 2675 mehr
737 2645 824 2675 nach
849 2644 917 2675 und
942 2651 1021 2674 war
1048 2651 1117 2674 von
1142 2642 1319 2673 stiirkerm
1344 2641 1469 2682 Zeug,
1494 2639 1603 2672 with-

116 2699 202 2731 rend
222 2697 310 2740 jene
343 2706 414 2730 von
436 2699 584 2730 reinerm
610 2699 708 2740 Zeug
731 2699 797 2730 und
823 2699 1011 2740 auliegend
1044 2699 1088 2730 im
1113 2696 1304 2739 Gedriinge
1329 2697 1429 2729 mehr
1452 2695 1602 2738 gefahr-

115 2755 174 2787 det
197 2761 337 2786 waren.

205 2818 363 2855 xvu.
387 2823 422 2855 2.
449 2824 566 2862 tueri]
591 2823 861 2865 bedentethier,
884 2822 957 2854 wie
980 2821 1133 2855 onerer:
1159 2822 1255 2863 „sich
1278 2821 1374 2853 ihrer
1387 2821 1598 2857 annelinum,

117 2873 219 2909 daun·
242 2885 385 2919 sot-gen,
410 2879 490 2911 dass
513 2880 568 2910 ihr
593 2880 705 2912 nichts
729 2879 1018 2922 Unangenehmes
1046 2875 1300 2911 widerfahre“.
