<?xml version="1.0" encoding="UTF-8"?>
<!DOCTYPE html PUBLIC "-//W3C//DTD XHTML 1.0 Transitional//EN"
    "http://www.w3.org/TR/xhtml1/DTD/xhtml1-transitional.dtd">
<html xmlns="http://www.w3.org/1999/xhtml" xml:lang="en" lang="en">
 <head>
  <title>
</title>
<meta http-equiv="Content-Type" content="text/html;charset=utf-8" />
  <meta name='ocr-system' content='tesseract 3.04.00' />
  <meta name='ocr-capabilities' content='ocr_page ocr_carea ocr_par ocr_line ocrx_word'/>
</head>
<body>
  <div class='ocr_page' id='page_1' title='image "./epistolae01plinuoft_0101.png"; bbox 0 0 1855 3200; ppageno 0'>
   <div class='ocr_carea' id='block_1_1' title="bbox 700 214 1600 266">
    <p class='ocr_par' dir='ltr' id='par_1_1' title="bbox 700 214 1600 266">
     <span class='ocr_line' id='line_1_1' title="bbox 700 214 1600 266; baseline -0.001 -10"><span class='ocrx_word' id='word_1_1' title='bbox 700 219 798 257; x_wconf 87' lang='lat' dir='ltr'><strong>liber</strong></span> <span class='ocrx_word' id='word_1_2' title='bbox 830 218 988 266; x_wconf 86' lang='lat' dir='ltr'><strong>primus.</strong></span> <span class='ocrx_word' id='word_1_3' title='bbox 1533 214 1600 256; x_wconf 83' lang='grc'><strong>67</strong></span> 
     </span>
    </p>
   </div>
   <div class='ocr_carea' id='block_1_2' title="bbox 104 331 1669 1395">
    <p class='ocr_par' dir='ltr' id='par_1_2' title="bbox 104 331 1669 1395">
     <span class='ocr_line' id='line_1_2' title="bbox 106 331 1601 392; baseline -0.001 -16"><span class='ocrx_word' id='word_1_4' title='bbox 106 332 290 376; x_wconf 77' lang='lat' dir='ltr'><strong>dandum</strong></span> <span class='ocrx_word' id='word_1_5' title='bbox 327 332 451 375; x_wconf 85' lang='lat' dir='ltr'><strong>etiam</strong></span> <span class='ocrx_word' id='word_1_6' title='bbox 490 332 613 374; x_wconf 86' lang='lat' dir='ltr'><strong>nobis</strong></span> <span class='ocrx_word' id='word_1_7' title='bbox 650 335 812 392; x_wconf 74' lang='lat' dir='ltr'><strong>amiciS,</strong></span> <span class='ocrx_word' id='word_1_8' title='bbox 850 347 906 377; x_wconf 87' lang='lat' dir='ltr'><strong>ne</strong></span> <span class='ocrx_word' id='word_1_9' title='bbox 941 346 1046 390; x_wconf 88' lang='lat' dir='ltr'><strong>spes</strong></span> <span class='ocrx_word' id='word_1_10' title='bbox 1071 336 1263 388; x_wconf 79' lang='lat' dir='ltr'><strong>nostras,</strong></span> <span class='ocrx_word' id='word_1_11' title='bbox 1300 332 1338 373; x_wconf 90' lang='lat' dir='ltr'><strong>si</strong></span> <span class='ocrx_word' id='word_1_12' title='bbox 1367 331 1489 374; x_wconf 85' lang='lat' dir='ltr'><strong>modo</strong></span> <span class='ocrx_word' id='word_1_13' title='bbox 1518 345 1601 374; x_wconf 89' lang='lat' dir='ltr'><strong>non</strong></span> 
     </span>
     <span class='ocr_line' id='line_1_3' title="bbox 107 397 1601 454; baseline -0.003 -10"><span class='ocrx_word' id='word_1_14' title='bbox 107 404 255 444; x_wconf 83' lang='lat' dir='ltr'><strong>essent</strong></span> <span class='ocrx_word' id='word_1_15' title='bbox 282 401 446 454; x_wconf 75' lang='lat' dir='ltr'><strong>inaueS,</strong></span> <span class='ocrx_word' id='word_1_16' title='bbox 484 400 727 443; x_wconf 77' lang='lat' dir='ltr'><strong>voluntaria</strong></span> <span class='ocrx_word' id='word_1_17' title='bbox 757 405 892 444; x_wconf 86' lang='lat' dir='ltr'><strong>morte</strong></span> <span class='ocrx_word' id='word_1_18' title='bbox 914 400 1156 443; x_wconf 80' lang='lat' dir='ltr'><strong>desereret.</strong></span> <span class='ocrx_word' id='word_1_19' title='bbox 1228 397 1278 439; x_wconf 85' lang='lat' dir='ltr'><strong>ld</strong></span> <span class='ocrx_word' id='word_1_20' title='bbox 1318 411 1399 453; x_wconf 86' lang='lat' dir='ltr'><strong>ego</strong></span> <span class='ocrx_word' id='word_1_21' title='bbox 1424 398 1601 440; x_wconf 76' lang='lat' dir='ltr'><strong>arduum</strong></span> 
     </span>
     <span class='ocr_line' id='line_1_4' title="bbox 108 466 1669 524; baseline -0.001 -14"><span class='ocrx_word' id='word_1_22' title='bbox 108 468 150 510; x_wconf 88' lang='lat' dir='ltr'><strong>in</strong></span> <span class='ocrx_word' id='word_1_23' title='bbox 185 468 332 524; x_wconf 83' lang='lat' dir='ltr'><strong>primis</strong></span> <span class='ocrx_word' id='word_1_24' title='bbox 370 472 413 509; x_wconf 84' lang='lat' dir='ltr'><strong>et</strong></span> <span class='ocrx_word' id='word_1_25' title='bbox 445 468 677 523; x_wconf 82' lang='lat' dir='ltr'><strong>praecipua</strong></span> <span class='ocrx_word' id='word_1_26' title='bbox 722 467 852 511; x_wconf 81' lang='lat' dir='ltr'><strong>laude</strong></span> <span class='ocrx_word' id='word_1_27' title='bbox 888 467 1062 524; x_wconf 86' lang='lat' dir='ltr'><strong>dignum</strong></span> <span class='ocrx_word' id='word_1_28' title='bbox 1096 471 1215 522; x_wconf 81' lang='lat' dir='ltr'><strong>puto.</strong></span> <span class='ocrx_word' id='word_1_29' title='bbox 1294 467 1404 507; x_wconf 80' lang='lat' dir='ltr'><strong>Nam</strong></span> <span class='ocrx_word' id='word_1_30' title='bbox 1440 466 1669 521; x_wconf 72' lang='lat' dir='ltr'><strong>impetum</strong></span> 
     </span>
     <span class='ocr_line' id='line_1_5' title="bbox 106 534 1602 592; baseline -0.001 -16"><span class='ocrx_word' id='word_1_31' title='bbox 106 534 288 592; x_wconf 84' lang='lat' dir='ltr'><strong>quodam</strong></span> <span class='ocrx_word' id='word_1_32' title='bbox 325 539 368 577; x_wconf 85' lang='lat' dir='ltr'><strong>et</strong></span> <span class='ocrx_word' id='word_1_33' title='bbox 402 536 603 577; x_wconf 86' lang='lat' dir='ltr'><strong>instinctu</strong></span> <span class='ocrx_word' id='word_1_34' title='bbox 639 548 897 591; x_wconf 80' lang='lat' dir='ltr'><strong>procurrere</strong></span> <span class='ocrx_word' id='word_1_35' title='bbox 932 534 987 577; x_wconf 85' lang='lat' dir='ltr'><strong>ad</strong></span> <span class='ocrx_word' id='word_1_36' title='bbox 1023 539 1215 590; x_wconf 78' lang='lat' dir='ltr'><strong>mortem,</strong></span> <span class='ocrx_word' id='word_1_37' title='bbox 1254 545 1478 576; x_wconf 87' lang='lat' dir='ltr'><strong>commune</strong></span> <span class='ocrx_word' id='word_1_38' title='bbox 1508 545 1602 575; x_wconf 87' lang='lat' dir='ltr'><strong>cum</strong></span> 
     </span>
     <span class='ocr_line' id='line_1_6' title="bbox 106 599 1602 657; baseline -0.001 -13"><span class='ocrx_word' id='word_1_39' title='bbox 106 602 273 644; x_wconf 83' lang='lat' dir='ltr'><strong>multis:</strong></span> <span class='ocrx_word' id='word_1_40' title='bbox 310 600 553 645; x_wconf 76' lang='lat' dir='ltr'><strong>deliberare</strong></span> <span class='ocrx_word' id='word_1_41' title='bbox 588 615 696 645; x_wconf 82' lang='lat' dir='ltr'><strong>vero</strong></span> <span class='ocrx_word' id='word_1_42' title='bbox 734 608 777 645; x_wconf 88' lang='lat' dir='ltr'><strong>et</strong></span> <span class='ocrx_word' id='word_1_43' title='bbox 813 614 997 645; x_wconf 82' lang='lat' dir='ltr'>caussas</span> <span class='ocrx_word' id='word_1_44' title='bbox 1034 604 1129 657; x_wconf 88' lang='lat' dir='ltr'><strong>ejus</strong></span> <span class='ocrx_word' id='word_1_45' title='bbox 1166 599 1433 657; x_wconf 72' lang='lat' dir='ltr'><strong>expendere,</strong></span> <span class='ocrx_word' id='word_1_46' title='bbox 1472 605 1602 656; x_wconf 84' lang='lat' dir='ltr'><strong>utque</strong></span> 
     </span>
     <span class='ocr_line' id='line_1_7' title="bbox 106 668 1601 726; baseline -0.001 -15"><span class='ocrx_word' id='word_1_47' title='bbox 106 669 299 711; x_wconf 80' lang='lat' dir='ltr'><strong>suaserit</strong></span> <span class='ocrx_word' id='word_1_48' title='bbox 342 669 477 725; x_wconf 79' lang='lat' dir='ltr'><strong>ratio,</strong></span> <span class='ocrx_word' id='word_1_49' title='bbox 534 670 653 712; x_wconf 81' lang='lat' dir='ltr'><strong>vitae</strong></span> <span class='ocrx_word' id='word_1_50' title='bbox 700 670 936 726; x_wconf 82' lang='lat' dir='ltr'><strong>mortisque</strong></span> <span class='ocrx_word' id='word_1_51' title='bbox 981 669 1202 712; x_wconf 83' lang='lat' dir='ltr'><strong>consilium</strong></span> <span class='ocrx_word' id='word_1_52' title='bbox 1255 668 1487 723; x_wconf 80' lang='lat' dir='ltr'><strong>suscipere</strong></span> <span class='ocrx_word' id='word_1_53' title='bbox 1529 668 1601 710; x_wconf 83' lang='lat' dir='ltr'><strong>vel</strong></span> 
     </span>
     <span class='ocr_line' id='line_1_8' title="bbox 104 733 1666 792; baseline -0.002 -13"><span class='ocrx_word' id='word_1_54' title='bbox 104 749 294 792; x_wconf 88' lang='lat' dir='ltr'><strong>ponere,</strong></span> <span class='ocrx_word' id='word_1_55' title='bbox 343 736 529 791; x_wconf 85' lang='lat' dir='ltr'><strong>ingentis</strong></span> <span class='ocrx_word' id='word_1_56' title='bbox 575 741 643 779; x_wconf 87' lang='lat' dir='ltr'><strong>est</strong></span> <span class='ocrx_word' id='word_1_57' title='bbox 688 737 831 780; x_wconf 79' lang='lat' dir='ltr'><strong>animi.</strong></span> <span class='ocrx_word' id='word_1_58' title='bbox 914 736 973 779; x_wconf 91' lang='lat' dir='ltr'><strong>Et</strong></span> <span class='ocrx_word' id='word_1_59' title='bbox 1008 736 1161 780; x_wconf 90' lang='lat' dir='ltr'><strong>medici</strong></span> <span class='ocrx_word' id='word_1_60' title='bbox 1199 733 1372 791; x_wconf 84' lang='lat' dir='ltr'><strong>quidem</strong></span> <span class='ocrx_word' id='word_1_61' title='bbox 1409 733 1666 777; x_wconf 78' lang='lat' dir='ltr'><strong>secundass</strong></span> 
     </span>
     <span class='ocr_line' id='line_1_9' title="bbox 106 802 1602 860; baseline -0.001 -16"><span class='ocrx_word' id='word_1_62' title='bbox 106 804 231 844; x_wconf 88' lang='lat' dir='ltr'><strong>nobis</strong></span> <span class='ocrx_word' id='word_1_63' title='bbox 266 803 541 858; x_wconf 83' lang='lat' dir='ltr'><strong>pollicentur:</strong></span> <span class='ocrx_word' id='word_1_64' title='bbox 579 809 795 860; x_wconf 84' lang='lat' dir='ltr'><strong>superest,</strong></span> <span class='ocrx_word' id='word_1_65' title='bbox 834 808 880 846; x_wconf 89' lang='lat' dir='ltr'><strong>ut</strong></span> <span class='ocrx_word' id='word_1_66' title='bbox 915 805 1140 860; x_wconf 82' lang='lat' dir='ltr'><strong>promissis</strong></span> <span class='ocrx_word' id='word_1_67' title='bbox 1162 802 1287 845; x_wconf 87' lang='lat' dir='ltr'><strong>Deus</strong></span> <span class='ocrx_word' id='word_1_68' title='bbox 1323 802 1483 844; x_wconf 77' lang='lat' dir='ltr'><strong>adnuat</strong></span> <span class='ocrx_word' id='word_1_69' title='bbox 1502 806 1602 843; x_wconf 86' lang='lat' dir='ltr'><strong>tan-</strong></span> 
     </span>
     <span class='ocr_line' id='line_1_10' title="bbox 108 868 1604 926; baseline -0.001 -15"><span class='ocrx_word' id='word_1_70' title='bbox 108 869 290 925; x_wconf 81' lang='lat' dir='ltr'><strong>demque</strong></span> <span class='ocrx_word' id='word_1_71' title='bbox 325 882 391 911; x_wconf 89' lang='lat' dir='ltr'><strong>me</strong></span> <span class='ocrx_word' id='word_1_72' title='bbox 428 869 508 912; x_wconf 79' lang='lat' dir='ltr'><strong>hac</strong></span> <span class='ocrx_word' id='word_1_73' title='bbox 544 871 833 914; x_wconf 77' lang='lat' dir='ltr'><strong>sollicitudine</strong></span> <span class='ocrx_word' id='word_1_74' title='bbox 871 872 1097 913; x_wconf 76' lang='lat' dir='ltr'><strong>exsolvat:</strong></span> <span class='ocrx_word' id='word_1_75' title='bbox 1135 882 1219 926; x_wconf 78' lang='lat' dir='ltr'><strong>qua</strong></span> <span class='ocrx_word' id='word_1_76' title='bbox 1254 868 1463 912; x_wconf 79' lang='lat' dir='ltr'><strong>liberatus</strong></span> <span class='ocrx_word' id='word_1_77' title='bbox 1482 869 1604 910; x_wconf 79' lang='lat' dir='ltr'><strong>Lau-</strong></span> 
     </span>
     <span class='ocr_line' id='line_1_11' title="bbox 108 936 1604 993; baseline -0.001 -14"><span class='ocrx_word' id='word_1_78' title='bbox 108 937 317 979; x_wconf 84' lang='lat' dir='ltr'><strong>rentinum</strong></span> <span class='ocrx_word' id='word_1_79' title='bbox 353 949 505 993; x_wconf 79' lang='lat' dir='ltr'><strong>meum,</strong></span> <span class='ocrx_word' id='word_1_80' title='bbox 544 936 622 979; x_wconf 90' lang='lat' dir='ltr'><strong>hoc</strong></span> <span class='ocrx_word' id='word_1_81' title='bbox 658 942 726 980; x_wconf 82' lang='lat' dir='ltr'><strong>est</strong></span> <span class='ocrx_word' id='word_1_82' title='bbox 760 938 929 980; x_wconf 87' lang='lat' dir='ltr'><strong>libellos</strong></span> <span class='ocrx_word' id='word_1_83' title='bbox 967 942 1010 980; x_wconf 83' lang='lat' dir='ltr'><strong>et</strong></span> <span class='ocrx_word' id='word_1_84' title='bbox 1046 938 1301 993; x_wconf 81' lang='lat' dir='ltr'><strong>pugillareS,</strong></span> <span class='ocrx_word' id='word_1_85' title='bbox 1341 936 1604 978; x_wconf 89' lang='lat' dir='ltr'><strong>studiosum-</strong></span> 
     </span>
     <span class='ocr_line' id='line_1_12' title="bbox 108 1003 1602 1061; baseline 0 -16"><span class='ocrx_word' id='word_1_86' title='bbox 108 1017 192 1059; x_wconf 88' lang='lat' dir='ltr'><strong>que</strong></span> <span class='ocrx_word' id='word_1_87' title='bbox 210 1004 338 1045; x_wconf 86' lang='lat' dir='ltr'><strong>otium</strong></span> <span class='ocrx_word' id='word_1_88' title='bbox 375 1009 581 1058; x_wconf 75' lang='lat' dir='ltr'><strong>repetam.</strong></span> <span class='ocrx_word' id='word_1_89' title='bbox 653 1006 778 1047; x_wconf 91' lang='lat' dir='ltr'><strong>Nunc</strong></span> <span class='ocrx_word' id='word_1_90' title='bbox 802 1005 913 1047; x_wconf 87' lang='lat' dir='ltr'><strong>enim</strong></span> <span class='ocrx_word' id='word_1_91' title='bbox 950 1005 1055 1046; x_wconf 85' lang='lat' dir='ltr'><strong>nihil</strong></span> <span class='ocrx_word' id='word_1_92' title='bbox 1092 1005 1258 1061; x_wconf 70' lang='lat' dir='ltr'><strong>legere,</strong></span> <span class='ocrx_word' id='word_1_93' title='bbox 1282 1003 1386 1044; x_wconf 87' lang='lat' dir='ltr'><strong>nihil</strong></span> <span class='ocrx_word' id='word_1_94' title='bbox 1408 1003 1602 1045; x_wconf 85' lang='lat' dir='ltr'><strong>scribere</strong></span> 
     </span>
     <span class='ocr_line' id='line_1_13' title="bbox 107 1064 1668 1127; baseline 0.001 -17"><span class='ocrx_word' id='word_1_95' title='bbox 107 1075 180 1111; x_wconf 77' lang='lat' dir='ltr'><strong>aut</strong></span> <span class='ocrx_word' id='word_1_96' title='bbox 214 1068 431 1111; x_wconf 76' lang='lat' dir='ltr'><strong>adsidenti</strong></span> <span class='ocrx_word' id='word_1_97' title='bbox 468 1075 610 1127; x_wconf 77' lang='lat' dir='ltr'><strong>vacat,</strong></span> <span class='ocrx_word' id='word_1_98' title='bbox 648 1076 721 1113; x_wconf 79' lang='lat' dir='ltr'><strong>aut</strong></span> <span class='ocrx_word' id='word_1_99' title='bbox 756 1072 884 1113; x_wconf 77' lang='lat' dir='ltr'><strong>anxio</strong></span> <span class='ocrx_word' id='word_1_100' title='bbox 906 1072 1024 1114; x_wconf 86' lang='lat' dir='ltr'><strong>libet.</strong></span> <span class='ocrx_word' id='word_1_101' title='bbox 1096 1072 1248 1113; x_wconf 78' lang='lat' dir='ltr'><strong>Habes</strong></span> <span class='ocrx_word' id='word_1_102' title='bbox 1278 1070 1380 1126; x_wconf 87' lang='lat' dir='ltr'><strong>quid</strong></span> <span class='ocrx_word' id='word_1_103' title='bbox 1416 1064 1668 1125; x_wconf 76' lang='lat' dir='ltr'><strong>timeam,12</strong></span> 
     </span>
     <span class='ocr_line' id='line_1_14' title="bbox 106 1135 1602 1193; baseline 0.001 -17"><span class='ocrx_word' id='word_1_104' title='bbox 106 1135 206 1192; x_wconf 88' lang='lat' dir='ltr'><strong>quid</strong></span> <span class='ocrx_word' id='word_1_105' title='bbox 244 1140 406 1192; x_wconf 75' lang='lat' dir='ltr'><strong>optem,</strong></span> <span class='ocrx_word' id='word_1_106' title='bbox 445 1136 543 1191; x_wconf 90' lang='lat' dir='ltr'><strong>quid</strong></span> <span class='ocrx_word' id='word_1_107' title='bbox 580 1138 706 1179; x_wconf 76' lang='lat' dir='ltr'><strong>etlam</strong></span> <span class='ocrx_word' id='word_1_108' title='bbox 743 1138 786 1178; x_wconf 92' lang='lat' dir='ltr'><strong>in</strong></span> <span class='ocrx_word' id='word_1_109' title='bbox 821 1142 1043 1193; x_wconf 86' lang='lat' dir='ltr'><strong>posterum</strong></span> <span class='ocrx_word' id='word_1_110' title='bbox 1081 1138 1309 1180; x_wconf 87' lang='lat' dir='ltr'><strong>destinem.</strong></span> <span class='ocrx_word' id='word_1_111' title='bbox 1394 1137 1460 1178; x_wconf 91' lang='lat' dir='ltr'><strong>Tu</strong></span> <span class='ocrx_word' id='word_1_112' title='bbox 1499 1135 1602 1192; x_wconf 84' lang='lat' dir='ltr'><strong>quid</strong></span> 
     </span>
     <span class='ocr_line' id='line_1_15' title="bbox 111 1201 1600 1261; baseline -0.002 -15"><span class='ocrx_word' id='word_1_113' title='bbox 111 1203 278 1259; x_wconf 72' lang='lat' dir='ltr'><strong>egeris,</strong></span> <span class='ocrx_word' id='word_1_114' title='bbox 318 1201 416 1258; x_wconf 91' lang='lat' dir='ltr'><strong>quid</strong></span> <span class='ocrx_word' id='word_1_115' title='bbox 454 1214 585 1257; x_wconf 74' lang='lat' dir='ltr'><strong>agas,</strong></span> <span class='ocrx_word' id='word_1_116' title='bbox 620 1203 723 1259; x_wconf 90' lang='lat' dir='ltr'><strong>quid</strong></span> <span class='ocrx_word' id='word_1_117' title='bbox 767 1204 880 1246; x_wconf 89' lang='lat' dir='ltr'><strong>velis</strong></span> <span class='ocrx_word' id='word_1_118' title='bbox 915 1216 1072 1261; x_wconf 75' lang='lat' dir='ltr'><strong>agere,</strong></span> <span class='ocrx_word' id='word_1_119' title='bbox 1110 1204 1292 1245; x_wconf 88' lang='lat' dir='ltr'><strong>invicem</strong></span> <span class='ocrx_word' id='word_1_120' title='bbox 1329 1203 1475 1259; x_wconf 81' lang='lat' dir='ltr'><strong>nobis,</strong></span> <span class='ocrx_word' id='word_1_121' title='bbox 1522 1203 1600 1244; x_wconf 78' lang='lat' dir='ltr'><strong>sed</strong></span> 
     </span>
     <span class='ocr_line' id='line_1_16' title="bbox 106 1265 1597 1324; baseline 0 -13"><span class='ocrx_word' id='word_1_122' title='bbox 106 1269 359 1312; x_wconf 81' lang='lat' dir='ltr'><strong>laetioribus</strong></span> <span class='ocrx_word' id='word_1_123' title='bbox 403 1270 622 1324; x_wconf 89' lang='lat' dir='ltr'><strong>epistolis,</strong></span> <span class='ocrx_word' id='word_1_124' title='bbox 670 1265 836 1313; x_wconf 81' lang='lat' dir='ltr'><strong>scribe!</strong></span> <span class='ocrx_word' id='word_1_125' title='bbox 915 1269 1012 1312; x_wconf 88' lang='lat' dir='ltr'><strong>Erit</strong></span> <span class='ocrx_word' id='word_1_126' title='bbox 1060 1270 1296 1312; x_wconf 88' lang='lat' dir='ltr'><strong>confusioni</strong></span> <span class='ocrx_word' id='word_1_127' title='bbox 1344 1281 1468 1313; x_wconf 83' lang='lat' dir='ltr'><strong>meae</strong></span> <span class='ocrx_word' id='word_1_128' title='bbox 1515 1282 1597 1311; x_wconf 90' lang='lat' dir='ltr'><strong>non</strong></span> 
     </span>
     <span class='ocr_line' id='line_1_17' title="bbox 106 1335 1305 1395; baseline -0.001 -15"><span class='ocrx_word' id='word_1_129' title='bbox 106 1335 322 1380; x_wconf 80' lang='lat' dir='ltr'><strong>medlocre</strong></span> <span class='ocrx_word' id='word_1_130' title='bbox 357 1336 571 1395; x_wconf 81' lang='lat' dir='ltr'><strong>solatium,</strong></span> <span class='ocrx_word' id='word_1_131' title='bbox 609 1338 646 1380; x_wconf 90' lang='lat' dir='ltr'><strong>si</strong></span> <span class='ocrx_word' id='word_1_132' title='bbox 681 1342 726 1379; x_wconf 85' lang='lat' dir='ltr'><strong>tu</strong></span> <span class='ocrx_word' id='word_1_133' title='bbox 762 1337 863 1379; x_wconf 89' lang='lat' dir='ltr'><strong>nihil</strong></span> <span class='ocrx_word' id='word_1_134' title='bbox 899 1338 1108 1394; x_wconf 86' lang='lat' dir='ltr'><strong>quereris.</strong></span> <span class='ocrx_word' id='word_1_135' title='bbox 1180 1336 1305 1380; x_wconf 81' lang='lat' dir='ltr'><strong>Vale.</strong></span> 
     </span>
    </p>
   </div>
   <div class='ocr_carea' id='block_1_3' title="bbox 107 1536 1601 1693">
    <p class='ocr_par' dir='ltr' id='par_1_3' title="bbox 107 1536 1601 1693">
     <span class='ocr_line' id='line_1_18' title="bbox 194 1536 1601 1582; baseline -0.001 -10"><span class='ocrx_word' id='word_1_136' title='bbox 194 1540 249 1572; x_wconf 83' lang='grc'><strong>10.</strong></span> <span class='ocrx_word' id='word_1_137' title='bbox 273 1541 441 1581; x_wconf 71' lang='lat' dir='ltr'><strong>impetus,</strong></span> <span class='ocrx_word' id='word_1_138' title='bbox 453 1538 699 1581; x_wconf 77' lang='lat' dir='ltr'><strong>procurrere]</strong></span> <span class='ocrx_word' id='word_1_139' title='bbox 714 1536 935 1581; x_wconf 76' lang='lat' dir='ltr'><strong>Ausdriicke,</strong></span> <span class='ocrx_word' id='word_1_140' title='bbox 948 1540 1026 1572; x_wconf 88' lang='lat' dir='ltr'><strong>dem</strong></span> <span class='ocrx_word' id='word_1_141' title='bbox 1040 1542 1296 1582; x_wconf 79' lang='lat' dir='ltr'><strong>Kriegswesen</strong></span> <span class='ocrx_word' id='word_1_142' title='bbox 1313 1539 1601 1582; x_wconf 75' lang='lat' dir='ltr'><strong>eigentliiimlich,</strong></span> 
     </span>
     <span class='ocr_line' id='line_1_19' title="bbox 107 1594 1599 1637; baseline -0.001 -9"><span class='ocrx_word' id='word_1_143' title='bbox 107 1596 256 1636; x_wconf 87' lang='lat' dir='ltr'><strong>(Lucan.</strong></span> <span class='ocrx_word' id='word_1_144' title='bbox 280 1597 314 1636; x_wconf 87' lang='lat'><strong>4,</strong></span> <span class='ocrx_word' id='word_1_145' title='bbox 331 1595 426 1637; x_wconf 79' lang='lat'>762.)</span> <span class='ocrx_word' id='word_1_146' title='bbox 450 1595 615 1634; x_wconf 84' lang='lat' dir='ltr'><strong>werden,</strong></span> <span class='ocrx_word' id='word_1_147' title='bbox 639 1597 711 1626; x_wconf 87' lang='lat' dir='ltr'><strong>wie</strong></span> <span class='ocrx_word' id='word_1_148' title='bbox 737 1596 824 1634; x_wconf 79' lang='lat' dir='ltr'><strong>hier,</strong></span> <span class='ocrx_word' id='word_1_149' title='bbox 849 1597 904 1627; x_wconf 85' lang='lat' dir='ltr'><strong>bei</strong></span> <span class='ocrx_word' id='word_1_150' title='bbox 929 1597 1053 1629; x_wconf 76' lang='lat' dir='ltr'><strong>Senec.</strong></span> <span class='ocrx_word' id='word_1_151' title='bbox 1077 1605 1131 1637; x_wconf 85' lang='lat' dir='ltr'><strong>ep.</strong></span> <span class='ocrx_word' id='word_1_152' title='bbox 1149 1596 1206 1628; x_wconf 79' lang='lat'><strong>24.</strong></span> <span class='ocrx_word' id='word_1_153' title='bbox 1225 1597 1291 1628; x_wconf 84' lang='lat' dir='ltr'><strong>auf</strong></span> <span class='ocrx_word' id='word_1_154' title='bbox 1309 1597 1377 1628; x_wconf 88' lang='lat' dir='ltr'><strong>den</strong></span> <span class='ocrx_word' id='word_1_155' title='bbox 1400 1594 1599 1628; x_wconf 85' lang='lat' dir='ltr'><strong>iibereilten</strong></span> 
     </span>
     <span class='ocr_line' id='line_1_20' title="bbox 107 1649 1138 1693; baseline -0.002 -8"><span class='ocrx_word' id='word_1_156' title='bbox 107 1653 312 1685; x_wconf 76' lang='lat' dir='ltr'><strong>Entschluss</strong></span> <span class='ocrx_word' id='word_1_157' title='bbox 336 1652 434 1683; x_wconf 84' lang='lat' dir='ltr'><strong>eines</strong></span> <span class='ocrx_word' id='word_1_158' title='bbox 458 1650 692 1691; x_wconf 81' lang='lat' dir='ltr'><strong>freiwilligen</strong></span> <span class='ocrx_word' id='word_1_159' title='bbox 717 1650 838 1682; x_wconf 80' lang='lat' dir='ltr'><strong>Todes</strong></span> <span class='ocrx_word' id='word_1_160' title='bbox 861 1649 1138 1693; x_wconf 81' lang='lat' dir='ltr'><strong>iibergetragen.</strong></span> 
     </span>
    </p>
   </div>
   <div class='ocr_carea' id='block_1_4' title="bbox 105 1737 1605 2060">
    <p class='ocr_par' dir='ltr' id='par_1_4' title="bbox 105 1737 1605 2060">
     <span class='ocr_line' id='line_1_21' title="bbox 195 1737 1600 1781; baseline -0.003 -8"><span class='ocrx_word' id='word_1_161' title='bbox 195 1741 383 1781; x_wconf 76' lang='lat' dir='ltr'><strong>suscipere</strong></span> <span class='ocrx_word' id='word_1_162' title='bbox 423 1741 480 1772; x_wconf 81' lang='lat' dir='ltr'><strong>vel</strong></span> <span class='ocrx_word' id='word_1_163' title='bbox 513 1739 670 1779; x_wconf 76' lang='lat' dir='ltr'><strong>ponere]</strong></span> <span class='ocrx_word' id='word_1_164' title='bbox 700 1740 745 1769; x_wconf 74' lang='lat' dir='ltr'><strong>Es</strong></span> <span class='ocrx_word' id='word_1_165' title='bbox 769 1739 871 1770; x_wconf 69' lang='lat' dir='ltr'><strong>wiire</strong></span> <span class='ocrx_word' id='word_1_166' title='bbox 904 1748 948 1770; x_wconf 84' lang='lat' dir='ltr'><strong>zu</strong></span> <span class='ocrx_word' id='word_1_167' title='bbox 973 1737 1172 1779; x_wconf 75' lang='lat' dir='ltr'><strong>kiinstlicli,</strong></span> <span class='ocrx_word' id='word_1_168' title='bbox 1215 1741 1275 1771; x_wconf 87' lang='lat' dir='ltr'><strong>mit</strong></span> <span class='ocrx_word' id='word_1_169' title='bbox 1299 1737 1460 1770; x_wconf 78' lang='lat' dir='ltr'><strong>Scheffer</strong></span> <span class='ocrx_word' id='word_1_170' title='bbox 1498 1738 1600 1769; x_wconf 81' lang='lat' dir='ltr'><strong>beide</strong></span> 
     </span>
     <span class='ocr_line' id='line_1_22' title="bbox 107 1794 1603 1837; baseline -0.003 -9"><span class='ocrx_word' id='word_1_171' title='bbox 107 1797 239 1828; x_wconf 62' lang='lat' dir='ltr'><strong>W&#39;orte</strong></span> <span class='ocrx_word' id='word_1_172' title='bbox 262 1798 446 1837; x_wconf 75' lang='lat' dir='ltr'><strong>gen-eunt,</strong></span> <span class='ocrx_word' id='word_1_173' title='bbox 470 1796 658 1835; x_wconf 73' lang='lat' dir='ltr'><strong>suscipere</strong></span> <span class='ocrx_word' id='word_1_174' title='bbox 689 1795 755 1825; x_wconf 86' lang='lat' dir='ltr'><strong>aus</strong></span> <span class='ocrx_word' id='word_1_175' title='bbox 775 1795 837 1825; x_wconf 83' lang='lat' dir='ltr'><strong>das</strong></span> <span class='ocrx_word' id='word_1_176' title='bbox 861 1796 1049 1827; x_wconf 72' lang='lat' dir='ltr'><strong>consilium</strong></span> <span class='ocrx_word' id='word_1_177' title='bbox 1082 1796 1231 1834; x_wconf 78' lang='lat' dir='ltr'><strong>mortis,</strong></span> <span class='ocrx_word' id='word_1_178' title='bbox 1274 1802 1414 1836; x_wconf 73' lang='lat' dir='ltr'><strong>ponere</strong></span> <span class='ocrx_word' id='word_1_179' title='bbox 1445 1794 1508 1825; x_wconf 83' lang='lat' dir='ltr'><strong>aus</strong></span> <span class='ocrx_word' id='word_1_180' title='bbox 1538 1794 1603 1825; x_wconf 81' lang='lat' dir='ltr'><strong>das</strong></span> 
     </span>
     <span class='ocr_line' id='line_1_23' title="bbox 105 1845 1603 1891; baseline -0.003 -7"><span class='ocrx_word' id='word_1_181' title='bbox 105 1852 296 1884; x_wconf 73' lang='lat' dir='ltr'><strong>consilium</strong></span> <span class='ocrx_word' id='word_1_182' title='bbox 321 1851 422 1882; x_wconf 82' lang='lat' dir='ltr'><strong>vitae</strong></span> <span class='ocrx_word' id='word_1_183' title='bbox 451 1859 494 1882; x_wconf 90' lang='lat' dir='ltr'><strong>zu</strong></span> <span class='ocrx_word' id='word_1_184' title='bbox 514 1851 681 1890; x_wconf 76' lang='lat' dir='ltr'><strong>bezielin3</strong></span> <span class='ocrx_word' id='word_1_185' title='bbox 706 1847 891 1881; x_wconf 78' lang='lat' dir='ltr'><strong>iiderdiess</strong></span> <span class='ocrx_word' id='word_1_186' title='bbox 917 1851 1102 1882; x_wconf 83' lang='lat' dir='ltr'><strong>bedentete</strong></span> <span class='ocrx_word' id='word_1_187' title='bbox 1122 1848 1162 1891; x_wconf 85' lang='lat' dir='ltr'><strong>ja</strong></span> <span class='ocrx_word' id='word_1_188' title='bbox 1187 1851 1278 1881; x_wconf 85' lang='lat' dir='ltr'><strong>daun</strong></span> <span class='ocrx_word' id='word_1_189' title='bbox 1294 1850 1434 1882; x_wconf 82' lang='lat' dir='ltr'><strong>heides:</strong></span> <span class='ocrx_word' id='word_1_190' title='bbox 1459 1845 1603 1881; x_wconf 78' lang='lat' dir='ltr'><strong>sterben</strong></span> 
     </span>
     <span class='ocr_line' id='line_1_24' title="bbox 105 1902 1605 1947; baseline -0.001 -9"><span class='ocrx_word' id='word_1_191' title='bbox 105 1907 252 1939; x_wconf 83' lang='lat' dir='ltr'><strong>wollen.</strong></span> <span class='ocrx_word' id='word_1_192' title='bbox 308 1907 494 1939; x_wconf 86' lang='lat' dir='ltr'><strong>Vielmehr</strong></span> <span class='ocrx_word' id='word_1_193' title='bbox 526 1906 659 1937; x_wconf 68' lang='lat' dir='ltr'><strong>enthiilt</strong></span> <span class='ocrx_word' id='word_1_194' title='bbox 682 1906 875 1937; x_wconf 71' lang='lat' dir='ltr'><strong>consilium</strong></span> <span class='ocrx_word' id='word_1_195' title='bbox 905 1906 1005 1938; x_wconf 84' lang='lat' dir='ltr'><strong>vitae</strong></span> <span class='ocrx_word' id='word_1_196' title='bbox 1036 1906 1236 1947; x_wconf 69' lang='lat' dir='ltr'><strong>mortisque</strong></span> <span class='ocrx_word' id='word_1_197' title='bbox 1260 1908 1331 1937; x_wconf 82' lang='lat' dir='ltr'><strong>wie</strong></span> <span class='ocrx_word' id='word_1_198' title='bbox 1363 1907 1398 1937; x_wconf 88' lang='lat' dir='ltr'><strong>in</strong></span> <span class='ocrx_word' id='word_1_199' title='bbox 1418 1902 1484 1944; x_wconf 78' lang='lat' dir='ltr'><strong>jus</strong></span> <span class='ocrx_word' id='word_1_200' title='bbox 1508 1906 1605 1937; x_wconf 71' lang='lat' dir='ltr'><strong>vitae</strong></span> 
     </span>
     <span class='ocr_line' id='line_1_25' title="bbox 107 1961 1602 2002; baseline -0.002 -8"><span class='ocrx_word' id='word_1_201' title='bbox 107 1965 144 1995; x_wconf 85' lang='lat' dir='ltr'><strong>et</strong></span> <span class='ocrx_word' id='word_1_202' title='bbox 166 1965 262 1995; x_wconf 77' lang='lat' dir='ltr'><strong>necis</strong></span> <span class='ocrx_word' id='word_1_203' title='bbox 287 1963 364 1995; x_wconf 84' lang='lat' dir='ltr'><strong>blos</strong></span> <span class='ocrx_word' id='word_1_204' title='bbox 385 1963 494 1994; x_wconf 80' lang='lat' dir='ltr'><strong>Einen</strong></span> <span class='ocrx_word' id='word_1_205' title='bbox 520 1961 671 2002; x_wconf 76' lang='lat' dir='ltr'><strong>Begriff:</strong></span> <span class='ocrx_word' id='word_1_206' title='bbox 695 1962 762 1993; x_wconf 84' lang='lat' dir='ltr'><strong>den</strong></span> <span class='ocrx_word' id='word_1_207' title='bbox 779 1962 990 1993; x_wconf 83' lang='lat' dir='ltr'><strong>Entschluss</strong></span> <span class='ocrx_word' id='word_1_208' title='bbox 1017 1970 1060 1992; x_wconf 88' lang='lat' dir='ltr'><strong>zu</strong></span> <span class='ocrx_word' id='word_1_209' title='bbox 1084 1961 1241 2001; x_wconf 79' lang='lat' dir='ltr'><strong>sterben,</strong></span> <span class='ocrx_word' id='word_1_210' title='bbox 1266 1961 1333 1993; x_wconf 88' lang='lat' dir='ltr'><strong>den</strong></span> <span class='ocrx_word' id='word_1_211' title='bbox 1359 1969 1437 1993; x_wconf 83' lang='lat' dir='ltr'><strong>man</strong></span> <span class='ocrx_word' id='word_1_212' title='bbox 1461 1961 1602 1993; x_wconf 63' lang='lat' dir='ltr'><strong>wiililen</strong></span> 
     </span>
     <span class='ocr_line' id='line_1_26' title="bbox 107 2016 957 2060; baseline -0.004 -9"><span class='ocrx_word' id='word_1_213' title='bbox 107 2017 320 2060; x_wconf 74' lang='lat' dir='ltr'><strong>(suscipere)</strong></span> <span class='ocrx_word' id='word_1_214' title='bbox 346 2018 435 2049; x_wconf 86' lang='lat' dir='ltr'><strong>oder</strong></span> <span class='ocrx_word' id='word_1_215' title='bbox 458 2017 631 2058; x_wconf 80' lang='lat' dir='ltr'><strong>aufgeben</strong></span> <span class='ocrx_word' id='word_1_216' title='bbox 655 2016 820 2058; x_wconf 80' lang='lat' dir='ltr'><strong>(ponere)</strong></span> <span class='ocrx_word' id='word_1_217' title='bbox 844 2016 957 2049; x_wconf 84' lang='lat' dir='ltr'><strong>kann.</strong></span> 
     </span>
    </p>
   </div>
   <div class='ocr_carea' id='block_1_5' title="bbox 105 2106 1606 2317">
    <p class='ocr_par' dir='ltr' id='par_1_5' title="bbox 105 2106 1606 2317">
     <span class='ocr_line' id='line_1_27' title="bbox 199 2106 1606 2147; baseline -0.003 -7"><span class='ocrx_word' id='word_1_218' title='bbox 199 2108 253 2140; x_wconf 88' lang='lat'><strong>11.</strong></span> <span class='ocrx_word' id='word_1_219' title='bbox 279 2106 469 2143; x_wconf 80' lang='lat' dir='ltr'><strong>adsidere]</strong></span> <span class='ocrx_word' id='word_1_220' title='bbox 495 2107 541 2137; x_wconf 84' lang='lat' dir='ltr'><strong>ist</strong></span> <span class='ocrx_word' id='word_1_221' title='bbox 564 2106 628 2138; x_wconf 86' lang='lat' dir='ltr'><strong>der</strong></span> <span class='ocrx_word' id='word_1_222' title='bbox 645 2107 859 2147; x_wconf 84' lang='lat' dir='ltr'><strong>eigentliche</strong></span> <span class='ocrx_word' id='word_1_223' title='bbox 872 2107 1055 2138; x_wconf 82' lang='lat' dir='ltr'><strong>Ausdruck</strong></span> <span class='ocrx_word' id='word_1_224' title='bbox 1083 2115 1152 2138; x_wconf 91' lang='lat' dir='ltr'><strong>von</strong></span> <span class='ocrx_word' id='word_1_225' title='bbox 1177 2107 1305 2143; x_wconf 86' lang='lat' dir='ltr'><strong>denen,</strong></span> <span class='ocrx_word' id='word_1_226' title='bbox 1328 2107 1468 2137; x_wconf 86' lang='lat' dir='ltr'><strong>welche</strong></span> <span class='ocrx_word' id='word_1_227' title='bbox 1484 2107 1606 2136; x_wconf 75' lang='lat' dir='ltr'><strong>Krau—</strong></span> 
     </span>
     <span class='ocr_line' id='line_1_28' title="bbox 107 2162 1604 2203; baseline -0.005 -7"><span class='ocrx_word' id='word_1_228' title='bbox 107 2165 177 2196; x_wconf 78' lang='lat' dir='ltr'><strong>ken</strong></span> <span class='ocrx_word' id='word_1_229' title='bbox 204 2164 399 2202; x_wconf 78' lang='lat' dir='ltr'><strong>beistehen‚</strong></span> <span class='ocrx_word' id='word_1_230' title='bbox 426 2163 479 2193; x_wconf 80' lang='lat' dir='ltr'><strong>sie</strong></span> <span class='ocrx_word' id='word_1_231' title='bbox 504 2163 639 2203; x_wconf 83' lang='lat' dir='ltr'><strong>pssegen</strong></span> <span class='ocrx_word' id='word_1_232' title='bbox 663 2162 695 2200; x_wconf 87' lang='lat'><strong>7,</strong></span> <span class='ocrx_word' id='word_1_233' title='bbox 723 2162 776 2203; x_wconf 85' lang='lat'><strong>19,</strong></span> <span class='ocrx_word' id='word_1_234' title='bbox 803 2162 833 2193; x_wconf 86' lang='lat'><strong>1.</strong></span> <span class='ocrx_word' id='word_1_235' title='bbox 882 2163 961 2193; x_wconf 88' lang='lat' dir='ltr'><strong>Liv.</strong></span> <span class='ocrx_word' id='word_1_236' title='bbox 987 2162 1020 2200; x_wconf 87' lang='grc'><strong>9,</strong></span> <span class='ocrx_word' id='word_1_237' title='bbox 1045 2162 1100 2193; x_wconf 85' lang='grc'><strong>46.</strong></span> <span class='ocrx_word' id='word_1_238' title='bbox 1126 2163 1182 2201; x_wconf 79' lang='lat'><strong>25,</strong></span> <span class='ocrx_word' id='word_1_239' title='bbox 1200 2162 1256 2192; x_wconf 78' lang='lat'><strong>26.</strong></span> <span class='ocrx_word' id='word_1_240' title='bbox 1284 2162 1430 2199; x_wconf 75' lang='lat' dir='ltr'><strong>Quintil.</strong></span> <span class='ocrx_word' id='word_1_241' title='bbox 1455 2162 1604 2192; x_wconf 80' lang='lat' dir='ltr'><strong>declam.</strong></span> 
     </span>
     <span class='ocr_line' id='line_1_29' title="bbox 105 2216 1604 2259; baseline -0.003 -8"><span class='ocrx_word' id='word_1_242' title='bbox 105 2220 140 2257; x_wconf 82' lang='lat'><strong>2,</strong></span> <span class='ocrx_word' id='word_1_243' title='bbox 167 2219 220 2251; x_wconf 87' lang='grc'><strong>10.</strong></span> <span class='ocrx_word' id='word_1_244' title='bbox 270 2220 324 2250; x_wconf 88' lang='lat' dir='ltr'><strong>An</strong></span> <span class='ocrx_word' id='word_1_245' title='bbox 351 2218 418 2249; x_wconf 85' lang='lat' dir='ltr'><strong>den</strong></span> <span class='ocrx_word' id='word_1_246' title='bbox 444 2218 621 2258; x_wconf 82' lang='lat' dir='ltr'><strong>Beistand,</strong></span> <span class='ocrx_word' id='word_1_247' title='bbox 645 2218 712 2248; x_wconf 90' lang='lat' dir='ltr'><strong>den</strong></span> <span class='ocrx_word' id='word_1_248' title='bbox 732 2216 876 2259; x_wconf 85' lang='lat' dir='ltr'><strong>jemand</strong></span> <span class='ocrx_word' id='word_1_249' title='bbox 902 2220 1017 2249; x_wconf 88' lang='lat' dir='ltr'><strong>einem</strong></span> <span class='ocrx_word' id='word_1_250' title='bbox 1042 2218 1239 2258; x_wconf 78' lang='lat' dir='ltr'><strong>Beklagten</strong></span> <span class='ocrx_word' id='word_1_251' title='bbox 1264 2218 1376 2249; x_wconf 85' lang='lat' dir='ltr'><strong>durch</strong></span> <span class='ocrx_word' id='word_1_252' title='bbox 1400 2219 1504 2248; x_wconf 83' lang='lat' dir='ltr'><strong>selue</strong></span> <span class='ocrx_word' id='word_1_253' title='bbox 1530 2216 1604 2247; x_wconf 78' lang='lat' dir='ltr'><strong>Ge—</strong></span> 
     </span>
     <span class='ocr_line' id='line_1_30' title="bbox 106 2272 1468 2317; baseline -0.004 -10"><span class='ocrx_word' id='word_1_254' title='bbox 106 2278 279 2317; x_wconf 81' lang='lat' dir='ltr'><strong>genwart</strong></span> <span class='ocrx_word' id='word_1_255' title='bbox 301 2283 371 2306; x_wconf 88' lang='lat' dir='ltr'><strong>vor</strong></span> <span class='ocrx_word' id='word_1_256' title='bbox 393 2274 538 2305; x_wconf 81' lang='lat' dir='ltr'><strong>Gericht</strong></span> <span class='ocrx_word' id='word_1_257' title='bbox 562 2274 725 2315; x_wconf 81' lang='lat' dir='ltr'><strong>lcislete,</strong></span> <span class='ocrx_word' id='word_1_258' title='bbox 748 2275 797 2305; x_wconf 79' lang='lat' dir='ltr'><strong>ist</strong></span> <span class='ocrx_word' id='word_1_259' title='bbox 822 2272 998 2305; x_wconf 76' lang='lat' dir='ltr'><strong>natiirlich</strong></span> <span class='ocrx_word' id='word_1_260' title='bbox 1022 2275 1102 2305; x_wconf 88' lang='lat' dir='ltr'><strong>hier</strong></span> <span class='ocrx_word' id='word_1_261' title='bbox 1126 2275 1220 2305; x_wconf 81' lang='lat' dir='ltr'><strong>nicht</strong></span> <span class='ocrx_word' id='word_1_262' title='bbox 1245 2280 1290 2304; x_wconf 87' lang='lat' dir='ltr'><strong>zu</strong></span> <span class='ocrx_word' id='word_1_263' title='bbox 1314 2272 1468 2304; x_wconf 86' lang='lat' dir='ltr'><strong>denken.</strong></span> 
     </span>
    </p>
   </div>
   <div class='ocr_carea' id='block_1_6' title="bbox 197 2362 767 2404">
    <p class='ocr_par' dir='ltr' id='par_1_6' title="bbox 197 2362 767 2404">
     <span class='ocr_line' id='line_1_31' title="bbox 197 2362 767 2404; baseline -0.005 -9"><span class='ocrx_word' id='word_1_264' title='bbox 197 2363 250 2395; x_wconf 87' lang='lat'><strong>12.</strong></span> <span class='ocrx_word' id='word_1_265' title='bbox 275 2364 472 2400; x_wconf 75' lang='lat' dir='ltr'><strong>destinem]</strong></span> <span class='ocrx_word' id='word_1_266' title='bbox 497 2372 527 2393; x_wconf 86' lang='lat' dir='ltr'><strong>s.</strong></span> <span class='ocrx_word' id='word_1_267' title='bbox 551 2371 597 2393; x_wconf 85' lang='lat' dir='ltr'><strong>zu</strong></span> <span class='ocrx_word' id='word_1_268' title='bbox 622 2362 654 2404; x_wconf 89' lang='lat'><strong>1,</strong></span> <span class='ocrx_word' id='word_1_269' title='bbox 678 2362 711 2402; x_wconf 86' lang='lat' dir='ltr'><strong>S,</strong></span> <span class='ocrx_word' id='word_1_270' title='bbox 738 2362 767 2393; x_wconf 86' lang='lat'><strong>1.</strong></span> 
     </span>
    </p>
   </div>
   <div class='ocr_carea' id='block_1_7' title="bbox 109 2447 1606 2766">
    <p class='ocr_par' dir='ltr' id='par_1_7' title="bbox 109 2447 1606 2766">
     <span class='ocr_line' id='line_1_32' title="bbox 199 2447 1605 2495; baseline -0.004 -11"><span class='ocrx_word' id='word_1_271' title='bbox 199 2450 428 2495; x_wconf 51' lang='lat' dir='ltr'><strong>confusioni]</strong></span> <span class='ocrx_word' id='word_1_272' title='bbox 472 2452 642 2491; x_wconf 82' lang='lat' dir='ltr'><strong>Obgleich</strong></span> <span class='ocrx_word' id='word_1_273' title='bbox 690 2449 920 2491; x_wconf 80' lang='lat' dir='ltr'><strong>confundere</strong></span> <span class='ocrx_word' id='word_1_274' title='bbox 964 2448 1021 2482; x_wconf 81' lang='lat' dir='ltr'><strong>fiir</strong></span> <span class='ocrx_word' id='word_1_275' title='bbox 1058 2449 1287 2491; x_wconf 71' lang='lat' dir='ltr'><strong>perturbare</strong></span> <span class='ocrx_word' id='word_1_276' title='bbox 1331 2448 1455 2479; x_wconf 79' lang='lat' dir='ltr'><strong>animo</strong></span> <span class='ocrx_word' id='word_1_277' title='bbox 1494 2447 1605 2479; x_wconf 81' lang='lat' dir='ltr'><strong>sehon</strong></span> 
     </span>
     <span class='ocr_line' id='line_1_33' title="bbox 109 2501 1604 2548; baseline -0.003 -9"><span class='ocrx_word' id='word_1_278' title='bbox 109 2509 164 2540; x_wconf 87' lang='lat' dir='ltr'><strong>bei</strong></span> <span class='ocrx_word' id='word_1_279' title='bbox 201 2508 303 2540; x_wconf 90' lang='lat' dir='ltr'><strong>Ovid.</strong></span> <span class='ocrx_word' id='word_1_280' title='bbox 337 2509 614 2548; x_wconf 84' lang='lat' dir='ltr'><strong>nachgewiesen</strong></span> <span class='ocrx_word' id='word_1_281' title='bbox 647 2508 740 2538; x_wconf 83' lang='lat' dir='ltr'><strong>wird</strong></span> <span class='ocrx_word' id='word_1_282' title='bbox 778 2507 909 2547; x_wconf 79' lang='lat' dir='ltr'><strong>(vergl.</strong></span> <span class='ocrx_word' id='word_1_283' title='bbox 948 2514 1079 2536; x_wconf 83' lang='lat' dir='ltr'><strong>unsere</strong></span> <span class='ocrx_word' id='word_1_284' title='bbox 1118 2505 1232 2535; x_wconf 81' lang='lat' dir='ltr'><strong>Briefe</strong></span> <span class='ocrx_word' id='word_1_285' title='bbox 1257 2504 1288 2543; x_wconf 90' lang='lat'><strong>3,</strong></span> <span class='ocrx_word' id='word_1_286' title='bbox 1314 2501 1369 2542; x_wconf 89' lang='lat'><strong>10,</strong></span> <span class='ocrx_word' id='word_1_287' title='bbox 1394 2503 1430 2534; x_wconf 80' lang='lat'><strong>2.</strong></span> <span class='ocrx_word' id='word_1_288' title='bbox 1454 2503 1487 2539; x_wconf 83' lang='lat'><strong>5,</strong></span> <span class='ocrx_word' id='word_1_289' title='bbox 1511 2505 1543 2533; x_wconf 84' lang='lat'><strong>5.</strong></span> <span class='ocrx_word' id='word_1_290' title='bbox 1574 2503 1604 2534; x_wconf 86' lang='lat'><strong>1.</strong></span> 
     </span>
     <span class='ocr_line' id='line_1_34' title="bbox 110 2556 1606 2601; baseline -0.004 -8"><span class='ocrx_word' id='word_1_291' title='bbox 110 2563 240 2601; x_wconf 86' lang='lat' dir='ltr'><strong>Paneg.</strong></span> <span class='ocrx_word' id='word_1_292' title='bbox 267 2563 321 2593; x_wconf 74' lang='lat'><strong>36.</strong></span> <span class='ocrx_word' id='word_1_293' title='bbox 342 2563 465 2593; x_wconf 88' lang='lat' dir='ltr'><strong>luven.</strong></span> <span class='ocrx_word' id='word_1_294' title='bbox 491 2563 524 2600; x_wconf 85' lang='lat'><strong>3,</strong></span> <span class='ocrx_word' id='word_1_295' title='bbox 548 2562 581 2591; x_wconf 78' lang='lat'><strong>2.</strong></span> <span class='ocrx_word' id='word_1_296' title='bbox 606 2563 702 2592; x_wconf 86' lang='lat' dir='ltr'><strong>Suet.</strong></span> <span class='ocrx_word' id='word_1_297' title='bbox 729 2561 834 2593; x_wconf 85' lang='lat' dir='ltr'><strong>Caes.</strong></span> <span class='ocrx_word' id='word_1_298' title='bbox 861 2559 923 2601; x_wconf 82' lang='grc'>8.),</span> <span class='ocrx_word' id='word_1_299' title='bbox 947 2567 987 2589; x_wconf 90' lang='lat' dir='ltr'><strong>so</strong></span> <span class='ocrx_word' id='word_1_300' title='bbox 1012 2560 1148 2589; x_wconf 83' lang='lat' dir='ltr'><strong>scheint</strong></span> <span class='ocrx_word' id='word_1_301' title='bbox 1172 2559 1263 2589; x_wconf 86' lang='lat' dir='ltr'><strong>doch</strong></span> <span class='ocrx_word' id='word_1_302' title='bbox 1291 2556 1458 2598; x_wconf 77' lang='lat' dir='ltr'><strong>confusio</strong></span> <span class='ocrx_word' id='word_1_303' title='bbox 1482 2559 1516 2587; x_wconf 85' lang='lat' dir='ltr'><strong>in</strong></span> <span class='ocrx_word' id='word_1_304' title='bbox 1543 2557 1606 2588; x_wconf 82' lang='lat' dir='ltr'><strong>der</strong></span> 
     </span>
     <span class='ocr_line' id='line_1_35' title="bbox 111 2610 1605 2655; baseline -0.003 -8"><span class='ocrx_word' id='word_1_305' title='bbox 111 2616 315 2655; x_wconf 83' lang='lat' dir='ltr'><strong>Bedeutung</strong></span> <span class='ocrx_word' id='word_1_306' title='bbox 342 2623 415 2646; x_wconf 86' lang='lat' dir='ltr'><strong>von</strong></span> <span class='ocrx_word' id='word_1_307' title='bbox 439 2616 615 2655; x_wconf 78' lang='lat' dir='ltr'><strong>tristitia,</strong></span> <span class='ocrx_word' id='word_1_308' title='bbox 640 2617 755 2646; x_wconf 74' lang='lat' dir='ltr'><strong>animi</strong></span> <span class='ocrx_word' id='word_1_309' title='bbox 779 2614 1017 2654; x_wconf 80' lang='lat' dir='ltr'><strong>perturbatio</strong></span> <span class='ocrx_word' id='word_1_310' title='bbox 1042 2615 1130 2645; x_wconf 81' lang='lat' dir='ltr'><strong>nach</strong></span> <span class='ocrx_word' id='word_1_311' title='bbox 1156 2613 1233 2643; x_wconf 89' lang='lat' dir='ltr'><strong>dem</strong></span> <span class='ocrx_word' id='word_1_312' title='bbox 1255 2613 1314 2645; x_wconf 81' lang='lat' dir='ltr'><strong>Gr.</strong></span> <span class='ocrx_word' id='word_1_313' title='bbox 1343 2610 1503 2652; x_wconf 77' lang='grc' dir='ltr'>σύγχυσις</span> <span class='ocrx_word' id='word_1_314' title='bbox 1527 2616 1605 2644; x_wconf 81' lang='lat' dir='ltr'><strong>erst</strong></span> 
     </span>
     <span class='ocr_line' id='line_1_36' title="bbox 110 2667 1603 2710; baseline -0.004 -8"><span class='ocrx_word' id='word_1_315' title='bbox 110 2673 146 2702; x_wconf 87' lang='lat' dir='ltr'><strong>in</strong></span> <span class='ocrx_word' id='word_1_316' title='bbox 179 2671 299 2702; x_wconf 78' lang='lat' dir='ltr'><strong>dieser</strong></span> <span class='ocrx_word' id='word_1_317' title='bbox 322 2671 403 2701; x_wconf 80' lang='lat' dir='ltr'><strong>Zeit</strong></span> <span class='ocrx_word' id='word_1_318' title='bbox 435 2670 590 2710; x_wconf 82' lang='lat' dir='ltr'><strong>gebildet</strong></span> <span class='ocrx_word' id='word_1_319' title='bbox 622 2670 690 2701; x_wconf 91' lang='lat' dir='ltr'><strong>und</strong></span> <span class='ocrx_word' id='word_1_320' title='bbox 722 2671 914 2710; x_wconf 80' lang='lat' dir='ltr'><strong>gebraucht</strong></span> <span class='ocrx_word' id='word_1_321' title='bbox 945 2668 1097 2700; x_wconf 83' lang='lat' dir='ltr'><strong>worden</strong></span> <span class='ocrx_word' id='word_1_322' title='bbox 1132 2678 1175 2700; x_wconf 77' lang='grc' dir='ltr'><strong>ἰιι</strong></span> <span class='ocrx_word' id='word_1_323' title='bbox 1200 2670 1290 2701; x_wconf 76' lang='lat' dir='ltr'><strong>sein.</strong></span> <span class='ocrx_word' id='word_1_324' title='bbox 1326 2667 1453 2709; x_wconf 76' lang='lat' dir='ltr'><strong>paneg.</strong></span> <span class='ocrx_word' id='word_1_325' title='bbox 1491 2667 1547 2707; x_wconf 82' lang='grc'><strong>86,</strong></span> <span class='ocrx_word' id='word_1_326' title='bbox 1571 2667 1603 2697; x_wconf 87' lang='grc'><strong>3.</strong></span> 
     </span>
     <span class='ocr_line' id='line_1_37' title="bbox 112 2723 1033 2766; baseline -0.004 -8"><span class='ocrx_word' id='word_1_327' title='bbox 112 2727 226 2759; x_wconf 73' lang='lat' dir='ltr'><strong>Tacit.</strong></span> <span class='ocrx_word' id='word_1_328' title='bbox 251 2725 339 2757; x_wconf 72' lang='lat' dir='ltr'><strong>Uist.</strong></span> <span class='ocrx_word' id='word_1_329' title='bbox 367 2725 400 2766; x_wconf 84' lang='lat'><strong>3,</strong></span> <span class='ocrx_word' id='word_1_330' title='bbox 425 2725 478 2756; x_wconf 77' lang='lat'><strong>38.</strong></span> <span class='ocrx_word' id='word_1_331' title='bbox 506 2724 598 2756; x_wconf 84' lang='lat' dir='ltr'><strong>Vell.</strong></span> <span class='ocrx_word' id='word_1_332' title='bbox 622 2724 655 2764; x_wconf 76' lang='lat'><strong>⁶2,</strong></span> <span class='ocrx_word' id='word_1_333' title='bbox 682 2724 758 2756; x_wconf 73' lang='lat'><strong>124.</strong></span> <span class='ocrx_word' id='word_1_334' title='bbox 781 2724 927 2756; x_wconf 75' lang='lat' dir='ltr'><strong>petron.</strong></span> <span class='ocrx_word' id='word_1_335' title='bbox 959 2723 1033 2759; x_wconf 67' lang='lat'>101.</span> 
     </span>
    </p>
   </div>
  </div>
 </body>
</html>
