1855 3200
675 190 775 230 liber
805 188 976 239 quintus.
1486 184 1594 231 287

109 327 135 357 a
163 310 321 369 judicio
356 319 451 351 meo
485 319 568 349 non
616 306 873 360 abhorrere,
917 318 1010 349 cum
1053 302 1235 349 eandem
1278 303 1596 363 rempublicam,

110 385 154 423 ut
188 378 297 421 civis
334 375 537 432 optimus,
578 372 751 430 diligas.
822 373 964 416 Velim
998 385 1119 431 ergo,
1155 385 1250 415 cum
1285 371 1480 428 proxime
1515 371 1596 415 de-

107 445 305 490 curiones
342 442 665 496 contrahentur,
702 440 804 497 quid
827 441 885 483 sit
913 440 1043 499 juris,
1080 438 1259 492 indices,
1296 451 1430 495 parce
1454 443 1594 482 tamen

108 518 151 557 et
196 510 416 569 modeste3
467 508 627 552 deinde
671 508 933 564 subJungas⁷
979 521 1059 551 nos
1113 506 1425 565 quadringenta
1468 507 1599 549 millia

108 582 289 631 offerre,
337 578 446 620 sicut
491 576 718 633 praecepit
762 574 1042 619 Saturninus.
1135 575 1258 617 Illius
1304 574 1384 616 hoc
1429 587 1598 629 munus,

107 648 218 690 illius
236 644 494 704 liberalitas3
532 648 725 687 nostrum
746 646 907 686 tantum
930 642 1180 698 obsequium
1207 645 1403 685 vocetur.
1474 641 1599 684 Haec

110 728 192 771 ego
227 712 419 757 scribere
454 711 627 769 publice
662 708 910 768 supersedi:
956 710 1136 770 primum
1171 708 1285 765 quod
1320 709 1597 752 memineram

109 795 185 838 pro
220 779 538 824 necessitudine
573 779 785 822 amicitiae
821 781 1011 830 nostrae,
1047 790 1125 834 pro
1162 777 1365 819 facultate
1403 775 1596 832 pruden-

112 850 197 891 tiae
232 852 331 891 tuae
368 851 411 890 et
447 846 606 890 debere
641 851 685 889 te
721 849 764 889 et
799 858 931 902 posse
966 843 1148 901 perinde
1183 844 1292 887 meis
1315 856 1367 886 ac
1389 844 1474 886 tuis
1495 855 1596 899 par-

112 917 226 957 tibus
262 916 398 971 fungi:
435 913 615 969 deinde,
652 914 751 970 quia
785 913 999 967 verebar,
1045 925 1100 954 ne
1135 911 1328 966 modum,
1363 924 1488 967 quem
1525 910 1599 952 tibi

112 983 152 1023 in
189 996 388 1024 sermone
424 981 641 1025 custodire
677 982 807 1025 facile
843 984 936 1034 est,
981 980 1179 1023 tenuisse
1214 980 1255 1021 in
1293 979 1479 1034 epistola
1515 989 1599 1020 non

110 1048 303 1092 viderer.
373 1051 484 1091 Nam
519 1062 757 1092 sermonem
793 1049 956 1105 vultus,
993 1051 1161 1105 gestus,
1198 1061 1287 1090 vox
1324 1047 1416 1103 ipsa
1448 1043 1600 1087 mode-

111 1120 255 1171 ratur3
305 1117 492 1171 epistola
528 1117 720 1159 omnibns
757 1114 1192 1159 commendationibus
1229 1113 1459 1171 destituta,
1508 1123 1602 1154 ma-

112 1182 294 1238 lignitati
328 1183 701 1239 interpretantium
733 1183 976 1239 exponitur.
1047 1181 1175 1224 Vale.

762 1337 940 1382 VIII.

468 1446 521 1496 Ο.
558 1448 751 1497 Plinius
789 1446 1017 1513 Capitoni
1049 1447 1157 1497 Suo
1193 1446 1250 1496 S..

250 1550 442 1603 Suades,
478 1556 522 1594 nt
557 1552 777 1595 historiam
813 1555 1015 1608 scribam,
1053 1558 1097 1597 et
1132 1553 1294 1596 suades
1331 1567 1414 1596 non
1451 1554 1596 1596 solus:

115 1619 230 1662 multi
276 1618 357 1659 hoc
401 1632 468 1661 me
515 1631 651 1676 saepe
685 1625 964 1679 monuerunt3
1014 1625 1058 1663 et
1093 1633 1174 1676 ego
1210 1621 1338 1675 volo,
1381 1634 1464 1663 non
1501 1620 1602 1677 quia

118 1684 337 1729 commode
372 1685 581 1728 facturum
619 1700 723 1730 esse
743 1687 952 1731 confidam
988 1688 1056 1745 (id
1095 1688 1205 1731 enim
1242 1692 1404 1731 temere
1429 1687 1603 1740 credas,

117 1754 198 1795 nisi
235 1751 467 1808 expertus]
514 1753 593 1795 sed
636 1755 734 1810 quia
778 1755 874 1797 mihi
919 1756 1142 1811 pulchrum
1187 1755 1380 1810 inprimis
1415 1754 1604 1810 videtur,

118 1833 203 1863 non
238 1819 323 1875 pati
360 1818 584 1873 occidere,
633 1820 785 1876 quibus
833 1823 1070 1865 aeternitas
1117 1821 1353 1878 debeatur3
1403 1823 1605 1864 aliorum-

120 1900 202 1945 que
245 1887 397 1929 famam
438 1900 532 1929 cum
574 1899 656 1929 sua
699 1888 952 1932 extendere.
1030 1889 1105 1932 Me
1140 1892 1283 1932 autem
1324 1889 1428 1931 nihil
1464 1900 1605 1945 aeque

207 2039 239 2072 4.
265 2039 551 2078 contrahentur]
577 2042 669 2074 nach
692 2043 760 2074 den
779 2044 929 2076 bessern
943 2043 1142 2077 Handsclir.
1164 2045 1253 2076 auch
1274 2045 1338 2075 der
1352 2044 1442 2084 Aug..
1455 2042 1602 2075 Helmst.

121 2095 223 2136 Prag.
245 2094 303 2128 fiir
327 2095 615 2129 contrahantur.
662 2100 883 2131 contrahere
903 2097 959 2131 fiir
982 2107 1121 2140 waere,
1147 2101 1211 2131 das
1230 2108 1314 2131 vom
1331 2100 1442 2130 senat
1466 2101 1502 2130 in
1516 2099 1605 2129 Rom

120 2151 366 2193 gebriiuclilicli
393 2162 491 2193 war,
525 2155 612 2186 oder
643 2164 875 2197 conyreyare
899 2156 1037 2187 sclieint
1062 2158 1136 2187 erst
1170 2156 1203 2185 in
1236 2155 1355 2186 dieser
1377 2155 1458 2185 Zeit
1480 2153 1606 2193 ausge-

119 2207 279 2239 kommen
304 2218 348 2239 zu
374 2210 466 2248 sein,
492 2210 547 2251 10,
570 2210 626 2241 SS.

208 2277 241 2307 5.
265 2275 522 2317 supersedere]
557 2278 622 2308 das
653 2278 879 2318 gewiihnlich
913 2280 977 2310 mit
1008 2279 1087 2310 dem
1119 2279 1283 2318 Ablativ‚
1324 2277 1510 2308 bisweilen
1542 2275 1606 2307 mit

120 2330 196 2363 dem
219 2331 326 2363 Dativ
352 2332 558 2365 verbunden
584 2334 694 2376 wird‚
731 2335 868 2366 kommt
899 2335 986 2366 auch
1019 2336 1055 2366 in
1080 2334 1315 2375 verbindung
1345 2334 1409 2364 mit
1431 2333 1517 2373 ¹dem
1543 2331 1605 2361 ln-

120 2386 229 2418 finitiv
255 2395 333 2426 vor,
356 2387 436 2418 Liv.
459 2388 517 2430 21,
542 2389 598 2420 40.

208 2454 241 2485 6.
266 2453 507 2494 moderatur]
540 2457 594 2487 sie
627 2456 744 2497 geben
775 2456 841 2489 der
871 2454 1097 2489 miindliolien
1121 2455 1217 2487 Rede
1249 2457 1326 2486 erse
1355 2454 1424 2486 den
1457 2454 1605 2486 rechten

120 2508 218 2550 Sinn,
243 2507 299 2540 die
323 2510 449 2541 wahre
473 2511 691 2553 Bedeutung.

208 2573 346 2607 vm.
375 2574 530 2616 Capito]
555 2577 854 2609 wahl-scheinlicli
870 2578 1048 2609 Titinnius
1064 2576 1202 2618 Capito,
1227 2576 1343 2619 vei-gl.
1369 2575 1404 2619 1,
1418 2575 1474 2608 17.
1496 2575 1532 2617 8,
1546 2574 1603 2607 12.

210 2640 244 2671 1.
268 2639 476 2682 confidam]
501 2642 574 2674 Der
598 2641 812 2684 Conjunctiv
835 2645 883 2675 ist
907 2645 984 2676 hier
1006 2643 1114 2675 allein
1137 2644 1285 2686 richtig,
1317 2644 1362 2676 da
1384 2643 1475 2675 Plin.
1499 2644 1604 2675 einen

122 2695 320 2736 miigliclien
336 2696 459 2729 Grund
483 2697 594 2729 damit
617 2697 773 2739 anfiihrt,
796 2699 865 2731 den
889 2707 932 2732 er
955 2702 992 2731 in
1006 2700 1138 2731 diesem
1152 2699 1251 2732 Falle
1273 2700 1327 2732 als
1349 2700 1446 2732 nieht
1462 2699 1604 2741 geltend

123 2752 300 2783 verwirft.

214 2816 437 2856 extendere]
469 2827 512 2851 so
535 2820 733 2854 extendere
756 2822 970 2855 memoriam
1001 2821 1036 2864 ’7,
1057 2822 1114 2863 31,
1136 2823 1171 2854 5.
1206 2829 1286 2856 was
1311 2821 1440 2855 Sallust
1476 2821 1604 2854 neunt:

126 2871 273 2914 lonyam
298 2872 448 2915 efficere
473 2873 548 2908 Cat.
573 2874 604 2906 1.
