1855 3200
658 220 757 261 liber
787 223 938 262 tertius
1463 219 1485 262 1
1496 217 1566 264 79

82 340 275 391 formate,
314 337 465 395 regite,
504 338 575 394 qui
613 350 696 380 non
722 338 917 394 fragilem
953 343 998 382 et
1033 337 1253 395 caducam,
1292 335 1373 381 sed
1399 337 1570 380 immor-

83 408 227 460 talem,
271 409 315 447 ut
350 417 433 448 vos
469 406 654 462 putatis,
703 405 885 462 effigiem
921 418 1054 450 conor
1098 405 1294 465 efficere,
1341 417 1452 461 quae
1486 404 1570 448 hoc

82 473 317 516 diuturnior
336 473 429 528 erit,
466 486 549 531 quo
585 473 747 532 verior,
784 474 946 530 melior,
980 473 1215 517 absolutior
1248 472 1392 517 fuerit.
1440 472 1567 516 Vale.

768 637 880 684 XI.

353 749 406 799 G.
444 750 634 799 Plinius
668 750 809 800 Julio
847 749 1074 799 Genitori
1106 747 1213 798 Suo
1249 748 1305 797 S.

212 856 298 899 Est
343 857 508 899 omnino
547 857 805 900 Artemidori
852 856 989 899 nostri
1034 860 1118 898 tam
1167 855 1353 912 benigna
1398 859 1567 914 natura,

79 928 125 967 ut
160 924 297 967 officia
344 925 570 966 amicorum
608 926 647 966 in
683 927 821 980 majus
866 925 1068 967 extollat:
1115 922 1214 966 inde
1260 924 1386 966 etiam
1430 936 1569 966 meum

79 993 286 1045 meritum,
324 997 369 1033 ut
405 1004 526 1045 vera,
563 993 619 1033 ita
652 1005 781 1048 supra
818 993 1010 1035 meritum
1030 989 1349 1047 praedicatione
1385 993 1569 1034 circum-

78 1060 176 1102 fert.
247 1058 484 1117 Equidem,
532 1073 627 1102 cum
675 1065 828 1103 essent
862 1058 1103 1115 philosophi
1139 1058 1191 1100 ab
1230 1059 1335 1101 urbe
1370 1058 1568 1113 submoti,

78 1127 136 1169 fui
183 1127 298 1183 apud
341 1126 456 1169 illum
498 1127 542 1168 in
588 1127 856 1169 suburbano:
905 1131 948 1169 et
995 1139 1077 1182 quo
1122 1125 1352 1168 notabilius
1396 1126 1478 1168 hoc
1525 1130 1570 1168 et

77 1195 361 1250 periculosius
399 1198 535 1250 esset,
571 1194 631 1235 fui
656 1195 854 1237 Praetor.
923 1193 1157 1236 Pecuniam
1185 1192 1327 1247 etiam,
1364 1205 1448 1250 qua
1468 1196 1569 1235 tunc

78 1262 142 1303 illi
177 1263 383 1317 ampliore
419 1274 528 1318 opus
564 1265 682 1314 erat,
725 1266 770 1303 ut
806 1274 883 1304 aes
917 1261 1102 1304 alienum
1137 1259 1414 1316 exsolveret,
1461 1272 1569 1302 con-

76 1334 259 1371 tractum
294 1343 347 1372 ex
378 1328 676 1385 pulcherrimis
710 1329 896 1387 caussis,
933 1328 1230 1371 mussantibus
1265 1328 1432 1385 magnis
1469 1327 1568 1383 qui-

78 1396 257 1440 busdam
295 1401 337 1439 et
372 1396 659 1452 locupletibus
693 1396 864 1454 amicis,
912 1400 1130 1439 mutuatus
1172 1396 1294 1453 ipse,
1341 1396 1568 1452 gratuitam

31 1455 43 1469 ⁹
79 1462 193 1506 dedi.
266 1464 411 1519 Atque
447 1463 556 1507 haec
590 1464 688 1521 feci,
725 1477 819 1508 cum
855 1467 1024 1520 septem
1058 1463 1207 1507 amicis
1242 1464 1350 1505 meis
1383 1467 1457 1505 aut
1478 1475 1567 1506 oc-

77 1530 182 1570 cisis
218 1537 291 1571 aut
327 1531 533 1584 relegatis
570 1531 752 1586 (occisis
787 1531 1056 1585 Senecione,
1092 1530 1295 1585 Rustico,
1332 1530 1565 1588 Helvidi03

78 1596 284 1652 relegatis
319 1597 533 1648 Maurico,
571 1595 779 1651 Gratilla,
825 1598 976 1654 Arria,
1021 1596 1217 1654 Fannia)
1253 1602 1315 1640 tot
1350 1598 1466 1641 circa
1499 1610 1568 1639 me

76 1771 134 1803 die
159 1771 425 1803 bewiihrtesten
443 1773 729 1814 Handschriften‚
752 1775 834 1805 auch
857 1774 913 1806 die
928 1772 1079 1814 nger,
1103 1781 1171 1805 nur
1195 1773 1279 1805 dass
1304 1774 1358 1805 sie
1383 1773 1489 1805 allein
1514 1773 1568 1804 est

76 1826 281 1868 hinzufiigt3
306 1827 498 1859 auffallend
524 1829 571 1860 ist
595 1836 648 1868 es,
673 1829 755 1860 dass
789 1829 913 1870 Gierig
938 1829 995 1860 die
1019 1829 1229 1860 sehlerhatte
1253 1828 1442 1861 beibehz'ilt.
1492 1828 1568 1870 dif-

73 1880 175 1921 ficile
197 1885 236 1915 et
256 1883 354 1915 vobis
377 1881 513 1915 miisste
536 1882 594 1914 fiir
618 1885 674 1915 die
701 1885 850 1917 Aeltern
875 1884 1085 1917 verletzend
1116 1887 1193 1916 sein
1208 1907 1218 1926 ,
1253 1885 1297 1916 da
1320 1885 1375 1915 ihr
1397 1885 1566 1916 Schmerz

75 1939 236 1979 ungleich
261 1939 410 1980 grosser
433 1948 537 1980 war,
562 1940 614 1971 als
638 1949 716 1973 was
742 1942 874 1973 Plinius
899 1942 1094 1981 empfinden
1129 1942 1277 1972 konnte.
1335 1938 1501 1981 Difficile
1522 1956 1568 1960 —

14 1990 29 2005 ’
77 1994 208 2026 dolore
232 1996 277 2026 ist
301 1996 464 2026 Einwurf
494 1997 558 2027 der
581 1996 750 2037 Aeltern,
783 1997 861 2028 dem
887 1998 974 2028 Plin.
999 1998 1060 2028 mit
1084 1995 1237 2038 difficile
1260 1998 1340 2038 flgg.
1366 1996 1555 2037 begegnet.

171 2061 280 2098 Vale]
309 2061 516 2103 Allerdings
540 2066 713 2094 erwartet
738 2070 817 2093 man
841 2062 979 2105 valete,
1012 2064 1115 2095 allelu
1141 2072 1181 2096 es
1205 2072 1321 2106 gegen
1357 2063 1426 2096 alle
1451 2062 1566 2094 hand-

74 2119 293 2151 schriftliche
307 2118 511 2151 Auctorita‘it
534 2119 595 2150 mit
609 2118 733 2160 Gierig
757 2119 834 2150 hier
851 2119 1125 2156 aufzunehmen,
1147 2120 1276 2151 hielteu
1301 2120 1375 2151 wir
1399 2117 1487 2149 doch
1512 2115 1569 2149 fiir

76 2174 300 2207 bedenklich.

164 2260 253 2298 XI.
281 2262 413 2294 Julius
440 2263 615 2301 Genitor]
641 2266 734 2297 auch
759 2264 925 2297 erwiihnt
949 2265 981 2305 3,
1005 2265 1038 2305 3,
1064 2267 1098 2296 5.

166 2330 198 2361 1.
223 2329 264 2361 in
296 2326 420 2368 majus
451 2331 651 2369 extollere]
693 2333 826 2364 ebenso
863 2332 981 2364 Tacit.
1012 2335 1104 2363 Anu.
1141 2331 1194 2370 15,
1220 2330 1277 2371 30,
1305 2332 1335 2361 1.
1375 2331 1413 2362 in
1445 2327 1568 2369 majus

75 2383 263 2416 celebrare
293 2386 338 2416 ib.
377 2386 432 2425 13,
463 2386 497 2427 S,
532 2386 564 2418 1.
605 2387 694 2419 Sall.
727 2388 810 2428 Jug.
842 2388 901 2429 73,
935 2387 956 2417 6
993 2386 1081 2419 nach
1118 2385 1177 2418 ἐπὶ
1209 2383 1248 2417 τὸ
1285 2384 1402 2423 μεῖζον
1432 2386 1568 2423 κοσμεῖν

76 2440 236 2482 Thucyd.
263 2440 293 2479 1,
318 2441 375 2473 21.

164 2508 197 2538 2.
223 2507 269 2539 ab
293 2508 383 2539 urbe
405 2508 584 2545 submoti]
625 2510 670 2541 im
695 2511 785 2541 Jahr
817 2510 858 2540 93
893 2509 982 2539 nach
1008 2507 1089 2539 Chr.
1115 2507 1223 2538 durch
1258 2507 1363 2537 einen
1394 2508 1566 2548 strengen

77 2560 201 2591 Befehl
236 2563 298 2592 des
323 2563 513 2603 Domitian,
545 2566 642 2596 Suet.
668 2566 796 2596 Domit.
826 2564 881 2596 10.
916 2564 1004 2594 Plin.
1032 2564 1164 2602 Paneg.
1189 2561 1244 2592 47.
1283 2563 1396 2593 Tacit.
1423 2564 1509 2604 Agr.
1532 2562 1565 2594 2.

77 2613 134 2646 45.
182 2616 278 2645 Auch
304 2617 443 2654 Epictet
466 2622 605 2649 musste
630 2619 765 2650 damals
793 2620 915 2650 ltalieu
939 2619 1089 2659 meideu,
1114 2618 1205 2649 Gell.
1227 2618 1270 2650 N.
1295 2619 1339 2648 A.
1365 2618 1419 2659 15,
1445 2618 1499 2650 11.

167 2682 355 2718 mussare]
382 2682 593 2722 eigentlich:
616 2685 742 2725 „leise,
767 2683 1056 2716 unverstz’indlich
1081 2682 1227 2724 reden“‚
1252 2685 1363 2716 daun:
1387 2687 1477 2727 „mit
1502 2684 1567 2717 der

77 2737 233 2776 Sprache
258 2737 351 2768 nicht
384 2739 667 2778 herauswollen,
701 2738 965 2781 schweigen“‚
997 2741 1157 2772 endlich:
1189 2741 1368 2783 „zt5gern‚
1393 2742 1565 2779 zaudern,

79 2792 194 2823 himer
218 2792 296 2823 dem
324 2794 435 2834 Berge
460 2794 618 2825 halteu.“
642 2804 671 2825 s.
698 2803 739 2826 zu
764 2795 797 2836 7,
824 2795 855 2835 1,
878 2797 911 2826 5.

167 2859 395 2898 gratuitam]
432 2862 549 2901 „ohne
573 2860 754 2904 zinseffl,
790 2864 863 2894 wie
897 2869 963 2894 aus
996 2863 1090 2896 suet.
1128 2862 1233 2896 Caes.
1265 2861 1321 2894 27.
1355 2861 1465 2894 durch
1498 2862 1564 2893 den

79 2912 232 2946 Zusatz:
257 2914 328 2947 levi
349 2914 505 2956 foenore
528 2918 763 2958 hervorgeht.

1105 2971 1196 3011 12*

1610 865 1634 901 1

1585 1074 1634 1120 1²
