1855 3200
238 180 260 222 1
271 179 337 224 52
802 184 920 223 Plinii
944 184 1195 232 epistolarum

232 298 314 340 nisi
349 298 422 340 illa
458 297 768 354 posterioribus
803 299 1015 342 cumulesx
1061 311 1156 340 nam
1191 298 1419 354 quamlibet
1465 310 1599 355 saepe
1635 298 1716 341 ob—

167 385 170 387 >
233 365 377 422 ligati,
414 365 450 407 si
485 363 584 421 quid
624 378 751 407 unum
786 378 937 421 negeS‚
974 365 1055 408 hoe
1090 365 1226 407 solum
1261 366 1565 419 meminerunt,
1600 365 1716 422 quod

195 435 435 488 vnegatum
473 437 554 475 est.
625 432 829 475 Ducebar
864 432 1018 484 etiam,
1053 432 1165 488 quod
1202 431 1456 475 decesserat
1491 431 1716 476 Classicus

233 503 501 555 amotumque
535 502 644 554 erat,
681 498 792 554 quod
830 500 870 540 in
907 498 1117 553 eiusmodi
1149 501 1321 541 caussis
1356 501 1467 543 solet
1502 513 1605 544 esse
1639 501 1719 542 tri-

233 567 481 620 stissimum,
517 565 755 620 periculum
774 567 1003 608 senatoris.
1058 565 1265 608 Videbam
1290 578 1411 622 ergo,
1447 567 1719 610 advocationi

233 645 356 676 meae
390 645 474 674 non
509 631 714 675 minorem
748 633 943 688 gratiam,
980 645 1104 689 quam
1140 633 1179 674 si
1213 633 1391 675 viveret
1423 633 1521 687 ille,
1555 647 1716 690 propo-

197 700 382 758 ssitam3
420 697 624 742 invidiam
647 700 821 748 nullam,
868 701 920 742 In
941 713 1118 757 summa,
1141 699 1447 755 computabam,
1483 701 1521 741 si
1539 713 1715 743 munere

233 767 316 809 hoe
343 768 435 821 jam
467 766 595 809 tertio
630 766 849 823 fungerer,
885 768 1118 810 faciliorem
1153 765 1250 809 mihi
1273 767 1593 810 excusationem
1610 766 1718 821 fore,

233 833 275 875 si
298 834 395 890 quis
429 832 666 886 incidisset,
701 847 827 890 quem
863 848 948 877 non
970 834 1173 878 deberem
1197 846 1420 876 accusare.
1487 834 1599 876 Nam
1622 845 1718 875 cum

235 905 304 943 est
349 900 529 943 omnium
565 901 796 945 officiorum
845 902 941 944 finis
987 902 1175 958 aliquis,
1200 905 1287 943 tum
1335 901 1489 956 optime
1534 900 1721 943 libertati

198 968 366 1011 9venia
402 967 610 1024 obsequio
646 974 945 1026 praeparatur.
1028 968 1203 1012 Audisti
1251 968 1413 1010 consilii
1449 969 1531 1011 mei
1567 970 1718 1024 motus,

235 1040 442 1091 superest
487 1036 696 1078 alterutra
734 1050 789 1080 ex
832 1042 955 1094 parte
982 1036 1186 1092 judicium
1221 1041 1358 1079 tuum:
1404 1036 1447 1077 in
1493 1049 1576 1093 quo
1622 1034 1720 1076 mihi

236 1114 374 1157 aeque
402 1101 593 1157 jucunda
629 1104 710 1146 erit
746 1105 994 1160 simplicitas
1018 1104 1330 1161 dissentientis,
1366 1116 1491 1162 quam
1523 1115 1723 1158 compro-

236 1168 380 1211 hantis
415 1170 663 1212 auctoritas.
738 1172 862 1214 Vale.

948 1303 1017 1347 V.

621 1410 675 1461 C.
710 1411 901 1461 Plinius
934 1411 1118 1462 BIacro
1154 1413 1260 1463 Suo
1295 1414 1351 1462 S.

152 1569 154 1583 *V
201 1528 221 1564 1
378 1518 633 1575 Pergratum
668 1523 736 1560 est
763 1519 875 1573 mihi,
913 1518 1024 1575 quod
1060 1522 1144 1561 tam
1163 1519 1392 1574 diligenter
1428 1519 1560 1562 libros
1583 1531 1725 1564 avun-

240 1582 325 1625 culi
360 1585 442 1626 mei
476 1585 673 1633 lectitas,
714 1589 760 1626 ut
806 1585 966 1628 habere
1003 1598 1152 1629 omnes
1186 1586 1299 1629 velis
1336 1598 1620 1650 quaerasque,
1656 1587 1727 1644 qui

143 1691 146 1717 ἶ
203 1649 329 1695 asint
372 1664 536 1694 omnes.
614 1652 793 1707 Fungar
838 1652 993 1695 indicis
1037 1654 1234 1710 partibus
1277 1658 1405 1710 atque
1447 1654 1594 1709 etiam,
1643 1667 1726 1711 quo

142 1722 144 1728 ’
242 1717 327 1760 sint
361 1717 510 1761 ordine
532 1719 693 1777 scripti,
732 1722 873 1763 notum
892 1720 966 1763 tibi
989 1721 1151 1764 faciam.
1222 1721 1307 1764 Est
1329 1721 1438 1764 enim
1458 1721 1538 1764 hoe
1557 1734 1727 1778 quoque

332 1905 366 1937 8.
391 1914 465 1938 non
487 1906 648 1939 deberem
672 1908 870 1945 accusare]
897 1907 983 1939 weil
1005 1907 1061 1939 ich
1085 1908 1147 1939 mit
1177 1908 1247 1938 ihm
1271 1907 1305 1939 in
1329 1908 1443 1939 einem
1465 1906 1729 1939 freuudschast-

243 1961 359 1994 lichen
386 1962 609 1994 Verhiiltniss
632 1964 743 1995 stelle.

336 2029 418 2061 tum
442 2046 484 2051 —-
506 2030 788 2071 praeparatur]
822 2031 894 2062 wir
924 2027 1052 2062 diirfen
1082 2030 1175 2062 daun
1200 2038 1256 2062 am
1279 2029 1617 2062 unbedenklichsten
1650 2029 1731 2062 eine

247 2085 415 2117 erbetene
431 2085 713 2127 Dienstleistung
735 2086 962 2127 abschlagen‚
984 2094 1092 2118 wenn
1117 2087 1189 2117 wir
1214 2087 1345 2118 vorher
1366 2087 1478 2119 sehon
1502 2086 1640 2119 &steret
1662 2092 1729 2117 uns

246 2140 391 2183 gefallig
415 2141 612 2173 bewiesen.

338 2209 372 2240 9.
397 2209 536 2247 motus]
560 2219 605 2235 =
631 2216 785 2240 caussas
808 2206 1092 2251 Beweggriinde.
1242 2250 1243 2253 Ἴ

337 2274 580 2316 simplicitas]
605 2286 650 2304 =
673 2275 837 2318 candor,
861 2276 1075 2317 inqenuatas
1099 2274 1289 2316 offenheit‚
1312 2275 1346 2317 4,
1372 2275 1424 2315 14,
1449 2275 1504 2308 10.

338 2342 394 2376 V.
418 2342 571 2382 Macer]
597 2352 642 2376 an
666 2344 733 2375 den
751 2351 792 2375 er
816 2345 904 2375 auch
928 2344 962 2384 5,
978 2343 1022 2374 18
1047 2344 1112 2374 und
1137 2343 1170 2382 6,
1182 2343 1229 2374 24
1252 2344 1417 2382 schreibt,
1442 2351 1521 2374 war
1544 2342 1730 2375 entweder

248 2399 397 2431 Baebius
420 2400 544 2431 Macer
573 2399 609 2439 4,
634 2400 666 2437 9,
691 2401 746 2431 16.
772 2400 860 2431 oder
884 2398 1098 2439 Calpurnius
1122 2400 1262 2441 Macer,
1298 2398 1363 2430 der
1387 2398 1525 2431 iifterer
1548 2400 1594 2429 im
1619 2399 1729 2431 zehn·

248 2459 307 2487 ten
332 2456 446 2486 Buche
469 2454 525 2486 51.
550 2455 605 2486 69.
628 2454 686 2486 81.
711 2454 877 2488 erwtihnt
899 2454 1003 2486 wird.

337 2522 372 2552 2.
396 2522 526 2559 tndem]
555 2521 720 2554 bedeutet
743 2522 845 2554 theils
870 2522 926 2553 die
942 2522 1239 2561 Inhaltsanzeige‚
1263 2520 1319 2552 die
1345 2528 1423 2551 man
1447 2520 1633 2553 einzelnen
1655 2521 1731 2552 Ab·

249 2576 424 2607 schnitten
450 2579 550 2609 eines
568 2577 705 2609 Werks
730 2577 1016 2616 vorausscliiekt‚
1042 2577 1143 2609 thells
1160 2579 1265 2609 einen
1278 2576 1429 2616 Katalog
1454 2584 1526 2607 von
1552 2577 1732 2610 Schriften

250 2630 338 2662 oder
369 2632 660 2674 Schriftstellern,
683 2634 807 2665 Seneo.
832 2635 934 2672 epist.
962 2634 1017 2664 39.
1065 2633 1151 2664 Hier
1176 2633 1341 2664 moeliteu
1366 2633 1436 2663 wir
1461 2639 1500 2662 es
1524 2633 1610 2663 auch
1635 2633 1732 2664 nicht

250 2686 284 2715 in
309 2685 374 2716 der
398 2685 552 2717 letztern
585 2688 788 2729 Bedeutung
820 2692 881 2721 mit
904 2689 1027 2729 Gierig
1058 2689 1231 2728 nehmen,
1266 2688 1423 2719 sondern
1456 2686 1568 2719 index
1596 2688 1645 2719 ist
1673 2686 1731 2718 die

250 2740 389 2772 Person
414 2740 539 2781 selbst,
561 2741 618 2772 die
641 2743 699 2774 die
712 2740 924 2775 Biichertit-el
948 2744 1104 2786 angiebt,
1127 2744 1200 2775 wie
1222 2742 1286 2773 der
1307 2742 1463 2774 Custode
1487 2743 1590 2773 einer
1603 2741 1731 2774 Biblio-

251 2794 353 2835 thek;
379 2794 476 2827 diess
500 2795 652 2828 beweist
673 2794 819 2838 funyar
841 2797 1010 2839 partibus
1034 2798 1101 2830 und
1126 2799 1254 2830 notum
1277 2797 1343 2829 tibi
1363 2796 1518 2838 faciam.

343 2859 412 2894 hoc
436 2861 599 2905 quoque]
625 2861 688 2893 Die
712 2864 859 2896 meisten
874 2864 1071 2895 Handschr.
1095 2865 1180 2897 auch
1196 2866 1286 2904 Aug.
1302 2863 1463 2904 u.Prag.‚
1485 2862 1734 2896 welcllenllier
