1855 3200
687 172 788 210 liber
816 171 986 220 quintus
1495 171 1556 215 31
1571 172 1595 215 1

114 294 212 348 post
266 290 435 345 longam
488 288 876 346 peregrinationem
932 288 1203 331 confirmatus
1254 288 1383 332 rediit
1433 302 1598 347 nuper:

113 357 270 402 deinde
306 357 404 400 dum
438 371 517 414 per
552 359 775 400 continuos
812 357 905 399 dies
942 357 1064 399 nimis
1086 358 1264 414 imperat
1284 358 1397 412 voci,
1433 359 1600 401 veteris

114 426 367 468 infirmitatis
403 426 615 468 tussicula
650 425 906 478 admonitus,
943 439 1094 467 rursus
1130 426 1379 481 sanguinem
1399 424 1598 470 reddidit.

116 492 209 547 Qua
247 507 301 537 ex
338 506 495 536 caussa
518 493 732 537 destinavi
771 506 863 535 eum
900 493 1068 535 mittere
1091 494 1131 535 iu
1158 492 1334 549 praedia
1364 496 1452 548 tua,
1489 506 1600 550 quae

115 562 319 617 Forojulii
373 561 589 618 possides
682 560 843 603 Audivi
895 562 1006 603 enim
1055 566 1098 604 te
1148 574 1282 618 saepe
1325 561 1599 617 referentem,

115 643 219 673 esse
254 629 311 672 ibi
348 635 390 672 et
426 636 529 672 aera
564 630 803 684 salubrem,
850 633 892 671 et
929 629 995 670 lac
1030 628 1266 683 huiusmodi
1311 630 1601 671 curationibus

116 697 608 740 accommodatissimum.
684 698 806 752 Rogo
829 710 948 752 ergo,
986 697 1151 738 scribas
1175 698 1274 754 tuis,
1314 701 1358 739 ut
1392 697 1452 738 illi
1479 697 1599 754 villa,

118 769 163 807 ut
199 764 347 807 domus
390 770 562 821 pateat:v
611 768 794 808 offerant
837 765 963 807 etiam
1008 765 1215 806 sumtibus
1263 766 1382 820 ejus,
1426 764 1463 806 si
1499 764 1599 821 quid

117 846 225 889 opus
261 833 362 875 erit:
400 835 479 876 erit
515 838 655 876 autem
691 846 799 888 opus
835 832 1016 875 modico.
1087 831 1171 874 Est
1203 832 1313 875 enim
1337 838 1420 875 tam
1444 845 1601 889 parcus

117 904 159 942 et
194 902 433 955 continens,
471 905 516 943 ut
551 914 633 943 non
672 901 805 943 solum
843 900 1036 953 deliciaS,
1074 914 1223 945 verum
1239 900 1366 943 etiam
1403 900 1602 943 necessi-

115 970 227 1010 tates
263 968 524 1011 valetudinis
562 968 808 1024 frugalitate
844 968 1092 1023 restringat.
1175 967 1273 1024 Ego
1310 967 1600 1024 proficiscenti

114 1038 274 1077 tantum
310 1036 453 1078 viatici
491 1035 612 1092 dabo,
650 1039 853 1093 quantum
889 1035 1076 1077 sufficiat
1112 1037 1229 1078 eunti
1251 1037 1400 1078 intua.
1473 1035 1601 1079 Vale.

789 1186 918 1231 XX.

516 1296 589 1348 C(
608 1299 798 1348 Plinius
844 1298 970 1348 Urso
1005 1298 1113 1348 Suo
1148 1298 1204 1348 S.

1641 702 1668 739 8

1641 835 1667 872 9

247 1406 408 1449 Iterum
454 1406 652 1464 Bithyni5
699 1410 797 1462 post
844 1406 980 1450 breve
1016 1410 1185 1463 tempus
1220 1417 1246 1448 a
1281 1405 1401 1448 ,Iulio
1436 1406 1639 1465 Basso,1

115 1474 242 1517 etiam
277 1475 433 1516 Rufum
470 1474 688 1517 Varenum
712 1475 1018 1517 Proconsulem
1056 1474 1322 1518 detulerunt:
1367 1474 1602 1527 Varenum,

114 1555 237 1599 quem
281 1555 417 1598 nuper
463 1541 679 1584 adversus
716 1541 904 1583 Bassum
951 1541 1208 1584 advocatum
1245 1546 1287 1584 et
1329 1543 1603 1598 postularant

113 1750 299 1792 siichtigen
337 1752 472 1783 damals
505 1753 600 1783 nicht
632 1753 724 1783 ohne
757 1752 880 1791 Ersolg
914 1753 1152 1793 anger-athen,
1187 1751 1283 1784 Cels.
1316 1753 1348 1792 3,
1378 1753 1435 1784 22.
1469 1753 1603 1784 Plinius

113 1810 153 1840 Η.
179 1808 218 1840 Ν,
243 1808 299 1847 31,
324 1809 356 1840 6.

201 1876 364 1917 imperat
391 1877 489 1913 voci]
524 1884 588 1915 „er
622 1877 761 1914 zwingt
797 1875 853 1906 die
886 1876 1051 1915 Summe,
1088 1884 1127 1906 er
1161 1878 1301 1916 strengt
1331 1878 1385 1908 sie
1423 1874 1513 1908 iiber
1544 1877 1602 1908 die

114 1933 276 1963 Maassen
304 1931 384 1972 an“‚
410 1941 451 1963 so
485 1932 669 1963 Columell.
695 1932 726 1969 3,
751 1932 783 1961 3.
815 1934 944 1963 senec.
969 1931 1054 1962 Oed.
1080 1931 1156 1963 895.
1184 1931 1288 1973 Virg.
1325 1932 1458 1973 Georg.
1485 1932 1517 1973 1,
1543 1933 1600 1965 99.

114 1987 241 2019 Dieser
265 1987 451 2018 Gebranch
477 1996 545 2018 von
570 1988 756 2027 imperare
781 1989 822 2017 ist
848 1988 1123 2019 nacliclassisch.

206 2053 239 2085 7.
267 2053 470 2090 destinavi]
498 2063 528 2084 s.
553 2062 600 2085 zu
625 2056 657 2094 3,
682 2055 714 2094 6,
740 2054 771 2083 6.

203 2122 235 2151 8.
261 2122 293 2152 si
317 2122 408 2163 quid
432 2129 524 2162 opus
549 2137 591 2142 —-
618 2121 781 2157 modico]
815 2121 888 2152 Der
922 2121 1127 2153 Nominativ
1156 2122 1224 2152 und
1259 2121 1401 2152 Ablativ
1437 2121 1602 2161 zugleich

116 2178 169 2209 bei
195 2186 288 2218 opus
311 2179 366 2209 est
390 2180 423 2209 iu
450 2178 654 2208 demselben
673 2179 781 2208 διῆκε
807 2177 902 2207 kann
929 2177 1087 2219 auffiillig
1112 2179 1332 2216 ersclieiueu‚
1358 2177 1447 2208 doch
1474 2177 1518 2207 da
1538 2176 1602 2207 der

114 2235 281 2264 Lateiner
314 2234 367 2264 bei
400 2235 513 2264 einem
540 2234 747 2265 Substantiv
780 2242 869 2273 geru
907 2233 974 2265 deu
1007 2235 1170 2275 Ablativ,
1203 2235 1255 2265 bei
1289 2234 1403 2264 einem
1437 2230 1602 2273 Abjecuv

115 2290 202 2326 oder
225 2290 423 2320 Pronomen
455 2292 500 2320 im
526 2289 691 2321 Neutrum
718 2298 782 2320 zur
806 2290 1048 2331 Vei-meidung
1078 2292 1177 2321 eines
1202 2290 1504 2321 Missverstaudes
1535 2289 1602 2319 den

113 2345 314 2377 Nominativ
340 2348 454 2385 setzt,
487 2345 629 2376 modico
664 2346 752 2377 aber
776 2354 825 2377 sc.
852 2347 977 2377 sumtu
1001 2345 1057 2378 fiir
1090 2348 1146 2377 ein
1172 2346 1376 2377 Substantiv
1414 2345 1524 2384 stelit,
1560 2352 1601 2375 so

114 2403 164 2432 ist
189 2401 285 2431 diess
311 2401 416 2431 leieht
441 2401 640 2432 erklz'irbar.

206 2468 238 2497 9.
266 2467 477 2504 continens]
504 2468 712 2499 bezeichnet
737 2467 905 2499 zuniiclist
930 2468 1032 2498 einen
1058 2468 1232 2508 solcheu‘,
1257 2467 1320 2499 der
1344 2468 1418 2499 sich
1442 2468 1477 2498 in
1498 2464 1602 2508 jeder

116 2523 186 2553 Art
210 2522 272 2553 des
287 2522 469 2553 Genusses
484 2524 540 2552 eiu
565 2525 744 2562 gewisses
758 2524 862 2554 Maas
887 2525 1027 2564 aussegt,
1052 2524 1098 2553 im
1114 2523 1320 2563 Gegensatz
1341 2531 1410 2554 von
1426 2522 1600 2563 luxuria,

117 2585 147 2609 s.
173 2576 247 2608 Cic.
275 2576 340 2607 Off.
364 2577 394 2617 2,
418 2576 474 2607 24.

206 2642 465 2680 necessitates]
494 2645 527 2674 in
553 2643 755 2676 demselbeu
778 2647 886 2676 Sinne
911 2646 1005 2677 Suet.
1031 2644 1136 2678 caes.
1160 2647 1216 2678 68.
1239 2645 1323 2678 Sall.
1350 2645 1427 2678 Cat.
1451 2644 1507 2678 17.

206 2729 313 2765 XX.
344 2732 455 2770 Urso]
482 2742 511 2764 s.
536 2733 568 2774 4,
592 2734 624 2764 9.

207 2800 240 2831 1.
266 2809 290 2831 a
314 2799 415 2831 Julio
439 2800 577 2837 Basso]
604 2803 673 2831 seit
695 2802 749 2834 sie
773 2802 840 2833 den
867 2802 997 2833 Bassus
1021 2803 1216 2844 augeklagt
1240 2804 1380 2843 hatten,
1404 2812 1435 2834 s.
1459 2803 1496 2844 4,
1520 2803 1552 2833 9.

209 2866 451 2904 advocatum]
477 2876 507 2898 s.
532 2876 579 2899 zu
602 2868 636 2907 3,
658 2868 691 2909 4,
715 2868 749 2899 3.
