1855 3200
265 193 373 239 238
802 198 919 236 Plinii
950 198 1203 246 epistolarum

265 312 458 371 civitate,
494 311 538 355 in
573 318 657 369 qu'a
692 313 832 355 omnia
855 312 978 368 quasi
1001 311 1054 353 ab
1078 312 1383 367 occupantibus
1402 317 1601 370 aguntur,
1636 325 1747 370 quae

265 380 496 437 legitimum
532 384 701 436 tempus
737 382 1007 434 exspectant,
1043 391 1128 420 non
1162 382 1341 437 matura,
1378 379 1456 436 sed
1492 394 1593 424 sera
1627 384 1747 424 sunt:

265 447 310 490 in
343 460 522 502 summa,
558 447 669 504 quod
706 460 873 503 rerum,
911 457 1020 500 quas
1054 444 1236 502 adsequi
1270 447 1440 502 cupias,
1488 448 1747 504 praesumtio
1801 467 1818 479 -’

198 522 252 559 12
265 514 363 571 ipsa
391 514 584 570 jucunda
620 517 701 556 est.
780 514 1056 555 Revereatur
1084 514 1173 567 Jam
1210 516 1254 556 te
1289 512 1457 556 Bassus
1492 520 1539 558 ut
1574 513 1747 558 Consu-

264 582 370 625 lem:
407 586 452 623 tu
487 580 617 635 dilige
653 592 750 622 eum
771 584 816 621 ut
839 578 1147 632 Quaestorem:
1184 592 1264 622 nos
1285 579 1485 637 denique,
1522 584 1749 639 utriusque

197 653 251 690 13
265 652 460 692 vestrum
495 646 800 701 amantissimi,
837 645 993 703 duplici
1029 647 1191 690 laetitia
1225 647 1506 703 perfruamur,
1575 649 1746 693 Etenim

263 728 358 758 cum
395 715 457 757 sic
493 719 552 772 te,
588 715 652 757 sic
683 713 869 757 Bassum
906 713 1158 769 diligamus,
1203 718 1251 756 ut
1287 718 1330 757 et
1363 715 1479 757 illum
1513 719 1747 771 quusc'un-

261 795 347 838 que
372 787 414 824 et
436 786 551 824 tuum
571 789 868 839 quemcunque
888 779 1174 834 Quaestorem
1210 782 1250 823 in
1282 781 1486 839 petendis
1516 782 1745 826 honoribus

260 848 375 891 omni
408 861 554 906 opera,
591 851 701 892 omni
737 850 897 902 labore,
933 849 1042 891 omni
1061 848 1201 904 gratia
1227 849 1361 891 simus
1389 851 1606 904 Juvaturi3
1644 863 1749 906 per-

261 929 387 973 quam
416 915 651 971 Jucundum
687 917 812 959 nobis
850 916 945 973 erit,
983 917 1018 958 si
1054 917 1095 958 in
1133 915 1315 960 eundem
1338 915 1521 959 studium
1557 921 1748 960 nostrum

264 987 307 1029 et
342 984 553 1028 amicitiae
597 996 720 1027 meae
766 987 810 1027 et
854 984 1105 1026 consulatus
1149 983 1212 1026 tui
1257 985 1363 1027 ratio
1406 985 1661 1028 contulerit:
1709 985 1748 1026 si
1795 1036 1799 1039 χ

262 1049 446 1108 denique
490 1051 691 1108 precibus
735 1052 841 1095 meis
885 1054 930 1093 tu
976 1051 1242 1107 potissimum
1284 1051 1454 1107 adjutor
1486 1052 1746 1108 accesseris,

260 1121 383 1174 quus
420 1122 464 1162 et
499 1121 703 1175 suffragio
725 1118 919 1162 Senatus
956 1119 1232 1163 libentissime
1267 1118 1503 1178 indulgeat,
1538 1124 1580 1163 et
1616 1119 1748 1162 testi-

260 1185 399 1229 monio
435 1186 660 1242 plurimum
696 1186 859 1230 credat.
916 1185 1055 1229 Vale.

259 1419 400 1461 Prager
423 1419 620 1463 Handschr.
645 1418 817 1462 bestiitigt
840 1420 1002 1461 worden,
1025 1421 1116 1453 deun
1140 1419 1363 1470 praecurrit
1385 1419 1480 1451 steht
1505 1418 1645 1451 absolut
1676 1418 1744 1450 und

260 1475 357 1507 votis
380 1477 428 1508 ist
454 1475 518 1507 der
542 1477 698 1515 Ablativ‚
722 1477 817 1508 nieht
841 1477 972 1516 Dativ,
997 1477 1061 1508 der
1085 1476 1257 1509 Gedanke
1280 1476 1377 1507 also:
1402 1476 1457 1506 die
1482 1475 1586 1506 Liebe
1609 1476 1657 1505 ist
1679 1483 1746 1516 un-

260 1531 428 1572 geduldig
458 1533 495 1563 in
529 1533 628 1565 ihren
661 1530 890 1572 Wiinsfflen,
923 1534 978 1563 sie
1010 1532 1090 1563 will
1120 1533 1233 1563 niclits
1263 1539 1336 1563 von
1367 1531 1562 1572 Ziigerung
1594 1532 1744 1563 wissen-

261 1586 400 1618 Dat-aus
424 1588 509 1628 geht
534 1589 688 1628 hervor,
713 1588 798 1619 dass
825 1588 912 1618 Plin.
940 1595 997 1619 am
1023 1578 1193 1619 schlusse
1217 1595 1310 1628 ganz
1336 1588 1409 1618 em
1411 1595 1452 1618 as
1476 1586 1628 1619 anderes
1654 1589 1744 1628 sagr,

260 1650 321 1673 wo
347 1651 388 1674 er
413 1638 537 1674 meint:
572 1643 637 1675 der
662 1644 872 1685 vorgenuss
896 1637 996 1675 eines
1027 1643 1318 1675 heissersehnten
1343 1643 1567 1693 Wunsches,
1599 1643 1666 1675 ehe
1689 1643 1744 1674 die

259 1687 452 1730 wirkliche
477 1696 588 1731 Erfiill
581 1708 662 1741 ung
686 1700 841 1739 eintritt‚
866 1700 911 1730 ist
936 1699 1132 1731 besonders
1155 1700 1363 1741 angeuehm.

325 1816 327 1818 .
351 1788 599 1829 occupantes]
625 1802 670 1814 =
691 1788 927 1830 festinantes,
949 1784 1242 1830 praesumentes,
1256 1788 1544 1829 praeripientes.

303 1874 311 1880 '
351 1876 406 1908 13.
423 1875 624 1916 juvaturi]
660 1876 770 1909 mese
804 1877 858 1908 315
893 1872 1172 1922 unregelmassig
1204 1875 1432 1929 verdiichtige
1464 1875 1595 1915 Form,
1616 1912 1621 1916 ,
1641 1875 1745 1915 wird,

258 1932 371 1964 selbst
405 1940 514 1964 wenn
549 1933 606 1965 die
637 1933 751 1965 Stelle
782 1932 865 1964 Sall.
887 1933 971 1974 Jug.
996 1932 1052 1974 47,
1076 1933 1099 1964 2
1134 1932 1337 1964 verdorben
1370 1926 1495 1973 ware,
1527 1929 1744 1971 binliinglich

258 1988 367 2020 durch
391 1988 458 2019 den
485 1982 674 2020 Gebrauch
699 1989 863 2035 spiiterer
887 1988 1145 2039 Schriftsteller
1167 1985 1379 2029 geschiitzt‚
1402 1989 1474 2019 wie
1498 1987 1642 2019 Petrou.
1667 1987 1745 2017 Sat.

258 2043 491 2076 18.Fr0ntin.
519 2030 885 2085 aquaed.1.Tertiill
909 2045 940 2076 d.
957 2052 1099 2084 perseo.
1126 2043 1178 2075 14.
1198 2042 1368 2084 juturns,
1394 2043 1456 2074 das
1475 2034 1656 2074 vielleicbt
1680 2042 1743 2073 des

258 2099 492 2139 Uebelklangs
516 2108 553 2130 w
557 2108 646 2139 egen
671 2101 876 2132 vermieden
907 2099 1055 2141 wurde,
1087 2099 1195 2132 findet
1226 2100 1301 2131 sich
1333 2106 1400 2130 nur
1424 2098 1558 2130 Colum.
1585 2087 1743 2139 10,1'21.

257 2155 362 2186 Kritz
385 2156 514 2187 weisst
537 2157 642 2197 nach,
667 2154 751 2188 da'ss
775 2157 837 2189 das
854 2148 984 2187 Ρ’3ι’·ῐίο.
1004 2156 1080 2187 Fut.
1101 2159 1168 2187 act.
1191 2155 1284 2186 nicht
1308 2153 1547 2194 durchgiingig
1571 2160 1653 2183 vom
1676 2152 1744 2182 Su-

257 2211 340 2251 pino
364 2211 556 2252 abgeleitet
580 2213 729 2244 werden
752 2210 887 2252 miiss'e,
911 2211 954 2243 da'
978 2208 1184 2251 doliturus,
1208 2204 1406 2241 cariturus
1429 2205 1530 2239 son'st
1554 2214 1622 2248 gar
1645 2206 1744 2238 nicbt

259 2266 471 2298 verbanden
494 2268 572 2297 sein
597 2267 727 2298 konne-

347 2355 533 2396 iuvenem]
561 2356 648 2388 nach
673 2355 823 2387 eundem
835 2355 921 2387 fehlt
945 2356 991 2387 im
1010 2329 1134 2387 Medic.
1148 2353 1337 2386 Lindenbr.
1354 2353 1473 2393 Prag„
1487 2350 1741 2383 ed.Ber.Junt.

258 2413 442 2446 eluendas:
467 2409 579 2453 cujus
603 2413 641 2445 et
661 2409 844 2454 suffragio
870 2411 1030 2444 Senatus
1054 2409 1133 2444 fiir:
1159 2408 1268 2451 cujus
1290 2408 1452 2442 Senatus
1474 2407 1510 2440 et
1533 2404 1727 2449 suffrayz‘o.
