1855 3200
251 183 319 228 96
816 192 931 230 Plinii
962 193 1213 240 epistolarum

248 308 390 348 mento
425 308 568 364 poteS.
638 306 748 348 Nam
783 310 956 349 caetera
991 306 1160 362 fragiiia
1195 311 1238 349 et
1273 306 1450 365 caduca,
1487 319 1570 348 non
1595 307 1732 349 minus

250 384 376 428 quam
410 373 491 428 ipsi
527 372 734 429 homineS‚
772 372 971 416 occidunt
994 372 1291 430 desinuntque.
1347 373 1497 431 Dices,
1535 379 1579 416 ut
1596 374 1730 430 soles,

211 440 388 481 5Amici
422 441 502 482 mei
537 439 738 483 viderint.
808 439 921 495 Opto
958 439 1155 496 equidem
1191 442 1350 482 amicos
1373 441 1445 482 tibi
1466 445 1549 482 tam
1566 441 1732 492 fideles,

249 511 335 549 tam
369 506 573 560 eruditos⁷
610 512 694 549 tam
715 507 968 563 laboriosos,
1006 512 1052 549 ut
1074 512 1232 549 tantum
1257 520 1386 549 curae
1402 508 1733 563 intentionisque

248 575 473 627 suscipere
510 578 552 616 et
588 574 757 630 possint
793 579 836 617 et
870 575 1025 617 veiint:
1062 574 1140 616 sed
1178 574 1367 631 dispice,
1404 587 1460 617 ne
1496 575 1551 616 sit
1586 587 1733 630 parum

250 639 498 695 providum,
534 654 718 697 sperare
754 655 809 684 ex
844 642 962 695 aliis,
1010 640 1123 697 quod
1158 641 1231 683 tibi
1268 642 1362 696 ipse
1397 654 1479 683 non
1517 645 1733 697 praestes,

212 706 309 748 6Et
343 706 398 749 de
443 706 630 751 editione
675 707 843 764 quidem
879 709 1069 761 interim,
1113 712 1160 750 ut
1195 709 1348 750 voles:
1394 710 1529 751 recita
1565 709 1730 760 saltem,

249 787 330 829 quo
367 775 503 829 magis
539 776 671 818 libeat
697 777 909 832 emittet-eg
946 779 1078 830 utque
1098 772 1267 818 tandem
1282 776 1495 832 percipias
1515 775 1731 832 gaudium,

211 841 362 897 ?quod
406 855 487 896 ego
533 844 629 885 oiim
674 847 828 898 prote
864 855 948 884 non
993 847 1154 886 temere
1194 856 1440 899 praesumo.
1517 843 1733 898 Imaginor

249 909 375 963 enim,
412 910 484 965 qui
519 923 770 963 concursus,
808 922 918 966 quae
953 909 1174 953 admiratio
1210 916 1267 963 te,
1305 911 1375 966 qui
1410 911 1582 964 clamor,
1619 909 1732 966 quod

248 976 372 1019 etiam
408 977 618 1019 sitentium
655 983 840 1032 maneat,
877 991 960 1034 quo
989 990 1084 1033 ego,
1122 990 1215 1020 cum
1238 976 1330 1020 dico
1368 978 1438 1021 vel
1462 978 1611 1031 recito,
1649 990 1733 1019 non

245 1044 398 1097 minus,
435 1056 559 1099 quam
595 1045 781 1087 clamore
816 1045 1028 1103 deiector3
1067 1046 1123 1087 sit
1157 1043 1279 1087 modo
1316 1046 1526 1087 silentium
1562 1056 1665 1087 acre
1691 1049 1735 1086 et

209 1110 455 1152 Sintentum
475 1115 518 1153 et
546 1111 746 1166 cupidum
782 1113 986 1154 ulteriora
1022 1112 1240 1155 audiendi.
1310 1113 1405 1155 Hoc
1442 1113 1578 1154 fructu
1600 1115 1730 1165 tanto,

248 1182 333 1218 tam
387 1183 558 1232 parato⁷
614 1178 765 1221 desine
818 1178 961 1220 studia
1005 1184 1079 1221 tua
1122 1180 1284 1222 infinita
1329 1180 1411 1221 ista
1462 1178 1733 1221 cunctatione

247 1243 471 1287 fraudare:
518 1257 628 1300 quae
674 1258 765 1287 cum
809 1245 974 1288 modum
1022 1247 1215 1298 excedit,
1264 1246 1498 1289 verendum
1546 1250 1637 1299 est,
1678 1258 1733 1288 ne

247 1311 428 1353 inertiae
476 1316 518 1354 et
564 1310 778 1366 desidiae,
833 1313 906 1356 vel
954 1313 1080 1355 etiam
1125 1313 1358 1356 timiditatis
1416 1325 1569 1355 nomen
1614 1311 1731 1354 acci-

247 1378 346 1433 piat.
417 1378 541 1421 Vale.

935 1444 1046 1489 XI·

603 1517 656 1569 C.
694 1520 884 1569 Plinius
918 1521 1143 1569 Arriano
1179 1519 1286 1570 Suo
1322 1520 1377 1569 S.

209 1633 231 1667 1
382 1625 507 1669 Solet
544 1638 645 1668 esse
680 1625 835 1681 gaudio
870 1626 971 1680 tibi,
1019 1626 1056 1668 si
1091 1625 1190 1681 quid
1226 1631 1364 1670 actum
1400 1630 1468 1670 est
1503 1626 1544 1669 in
1580 1630 1733 1670 senatu
1768 1640 1772 1642 ·

245 1692 418 1747 dignum
455 1692 604 1735 ordine
640 1694 727 1736 illo.
800 1687 1007 1746 Quamvis
1038 1694 1147 1736 enim
1185 1695 1341 1750 quietis
1362 1708 1507 1738 amore
1525 1707 1732 1738 secesse—

245 1761 332 1813 ris,
375 1759 531 1802 insidet
574 1765 714 1802 tamen
760 1763 896 1803 animo
953 1767 1024 1803 tuo
1068 1762 1309 1815 mnjestzitis
1364 1762 1562 1817 publicae
1614 1773 1730 1802 cura.

248 1827 409 1880 Accipe
455 1840 581 1880 ergo,
637 1827 748 1883 quod
795 1841 873 1883 per
917 1827 997 1868 hos
1047 1826 1140 1868 dies
1186 1833 1324 1869 actum
1377 1833 1464 1879 est,
1519 1838 1732 1881 personae

245 1893 440 1935 claritate
476 1893 695 1947 famosum,
732 1894 975 1937 severitate
1012 1895 1193 1950 exempli
1229 1895 1429 1949 salubre,
1467 1895 1529 1937 rei
1564 1894 1731 1949 magui-

336 2071 370 2100 5.
396 2069 550 2109 dispice]
577 2078 607 2100 s.
633 2077 679 2100 zu
705 2069 737 2106 1,
762 2072 796 2107 5,
823 2069 874 2101 10.
924 2070 975 2101 Du
999 2079 1039 2102 es
1064 2071 1140 2101 hier
1166 2071 1326 2111 zugieich
1352 2071 1407 2102 die
1426 2071 1632 2110 Bedeutung
1656 2076 1728 2100 von

246 2132 334 2156 cave
360 2127 392 2155 in
417 2125 493 2155 sich
519 2126 697 2165 seliliesst„
724 2127 813 2166 folgt
836 2135 892 2156 ne.

335 2182 368 2211 6.
395 2180 500 2217 olim]
527 2189 556 2211 s·
584 2190 628 2211 zu
657 2181 686 2220 1,
716 2181 765 2221 ΙΙ,
792 2181 822 2213 1.

333 2247 597 2293 prae-egentem]
633 2247 687 2277 bei
715 2248 804 2279 Ptin.
833 2248 900 2278 und
931 2249 1055 2279 seiuen
1081 2249 1360 2288 Zeitgcnossen:
1386 2251 1521 2287 etwas,
1553 2254 1634 2278 was
1659 2247 1731 2277 wir

245 2303 422 2333 bestimmt
445 2310 514 2332 von
540 2303 603 2333 der
626 2302 782 2334 Zukunft
810 2302 924 2333 hoflen
950 2303 1019 2333 und
1046 2307 1250 2341 erwarten‚
1282 2306 1327 2334 im
1353 2304 1476 2335 Geiste
1512 2312 1554 2334 so
1580 2309 1730 2333 vorans-

242 2359 453 2397 geiii'esseu,
484 2359 540 2389 als
564 2360 616 2388 sei
642 2366 682 2388 es
707 2359 819 2389 sehon
845 2361 1068 2398 eingetreten
1093 2361 1126 2395 3,
1154 2359 1184 2397 1,
1211 2358 1263 2390 13.
1289 2362 1322 2398 9,
1346 2360 1378 2399 3,
1405 2359 1434 2389 1.
1459 2359 1589 2399 Paneg.
1613 2358 1672 2397 79,
1695 2356 1729 2387 4.

245 2408 372 2443 senec.
397 2414 495 2451 epist.
522 2413 600 2445 107.
646 2413 867 2445 Classischer
892 2415 936 2444 ist
959 2416 1188 2454 praecipere.

331 2469 364 2497 7.
389 2468 596 2505 silentium]
623 2470 717 2501 stelit
741 2471 828 2501 Plin.
856 2470 1001 2508 autent,
1026 2471 1068 2501 da
1093 2471 1155 2500 das
1180 2471 1440 2501 aufmcrksame
1464 2469 1641 2508 Zuhiiren‚
1666 2468 1729 2499 das

241 2522 348 2552 keiue
371 2524 477 2560 syibe
507 2527 571 2555 der
602 2525 700 2556 Rede
733 2526 912 2556 verlieren
944 2526 1039 2564 witi,
1072 2527 1121 2557 oft
1154 2528 1211 2557 eiu
1245 2527 1452 2557 beredteres
1485 2526 1636 2556 'heichen
1668 2524 1730 2554 der

244 2578 514 2618 Bewunderung
553 2589 649 2621 war,
689 2582 744 2612 als
777 2582 847 2613 alle
885 2582 941 2612 die
981 2581 1098 2613 lauten
1138 2579 1347 2613 Ausbriiche
1386 2582 1447 2612 des
1481 2580 1621 2611 Beifaus
1654 2577 1729 2610 Cic.

243 2630 359 2673 Dejot.
388 2632 442 2663 12.

330 2688 362 2717 S·
387 2688 547 2726 parato]
573 2703 617 2715 =
640 2693 754 2722 certo.
782 2693 827 2723 Es
853 2693 1060 2725 bezeichnet
1083 2694 1164 2732 das,
1197 2701 1278 2725 was
1301 2693 1496 2734 gleichsam
1528 2692 1561 2721 in
1586 2690 1728 2721 Bereit-

241 2743 365 2779 schaft,
391 2750 456 2772 zur
481 2743 577 2773 Haud
604 2748 662 2785 ist,
689 2755 766 2776 was
790 2749 866 2778 sicli
893 2757 962 2780 von
988 2749 1098 2780 selbst
1121 2749 1293 2780 darbieiet.
1318 2748 1351 2788 7,
1375 2748 1431 2788 25,
1457 2748 1490 2778 2.

331 2807 414 2841 xl.
440 2808 630 2846 Arriano]
656 2820 684 2842 s.
711 2821 757 2842 zu
786 2813 815 2853 1,
839 2815 873 2844 2.

335 2865 362 2895 1.
390 2864 577 2903 [binos-us]
615 2866 668 2897 bei
704 2865 833 2898 Cicero
867 2869 935 2898 und
976 2869 1096 2899 seinen
1132 2870 1394 2909 Zeugenossen
1437 2875 1502 2899 nur
1537 2869 1580 2900 im
1622 2865 1726 2900 iibien
1789 2868 1796 2872 ⁴
