1855 3200
688 189 785 225 liber
815 190 1016 235 septimus.
1500 194 1514 232 1
1532 191 1596 232 33

118 305 344 344 contentus
389 300 513 342 fuit.“
593 299 803 356 Equidem
846 316 1058 359 nunquam
1105 316 1198 346 sum
1244 305 1445 358 mireum,
1489 320 1599 361 quae

119 367 548 424 saepiusafortuna,
586 381 709 424 quam
733 369 945 427 ajudieio‚
982 369 1380 426 proficiscerentur:
1416 374 1598 416 maxime

118 441 258 477 tamen
302 434 373 476 hic
415 447 481 477 me
525 434 673 476 titulus
716 436 952 489 admonuit,
999 449 1122 493 quam
1170 443 1322 480 essent
1358 440 1519 482 mimica
1557 446 1599 483 et

118 503 282 557 inepta,
319 514 432 557 quae
467 500 675 544 interdum
710 503 756 544 in
791 503 871 545 hoo
907 516 1099 557 coenum,
1137 505 1176 545 in
1214 504 1293 546 has
1330 506 1484 549 soi-des
1520 507 1599 548 ab·

111 570 375 623 jicerentur:
421 580 534 623 quae
576 568 760 625 denique
806 571 879 612 ille
921 571 1098 614 furcifer
1141 576 1184 613 et
1227 572 1422 627 recipere
1466 586 1601 615 ausus

118 640 189 678 est
223 639 266 677 et
301 647 531 686 recusare,
569 640 699 691 atque
735 637 886 694 etiam,
923 642 968 679 ut
1003 637 1307 680 moderationis
1344 640 1599 696 exemplum,

118 702 308 757 posteris
344 701 544 757 prodere.
615 702 706 745 Sed
743 703 843 759 quid
869 698 1102 759 indignor?
1156 704 1320 749 Ridere
1343 707 1506 765 satius3
1543 719 1599 749 ne

119 783 170 811 se
204 782 400 823 magnum
435 767 594 824 atiquid
631 769 813 826 adeptos
848 775 1014 826 putent,
1051 771 1121 827 qui
1155 771 1237 814 huc
1272 771 1477 817 felicitate
1495 786 1596 829 per-

120 836 311 888 veniunt,
349 840 392 877 ut
427 834 659 879 rideantur.
733 837 853 880 Vale.
1607 829 1621 853 ‘¹'

770 998 955 1043 XXX.

472 1108 526 1157 C.
563 1109 752 1157 Plinius
790 1109 1013 1158 Genitori
1045 1109 1152 1160 Suo
1187 1111 1242 1159 S.

255 1215 495 1270 Torqueor,
531 1212 642 1269 quod
679 1212 956 1269 discipulum,
992 1219 1038 1256 ut
1072 1215 1248 1270 scribis,
1285 1217 1473 1272 optimae
1508 1217 1601 1273 spei

120 1280 312 1335 amisisti,
348 1282 486 1335 cujils.
508 1285 551 1323 et
585 1279 840 1323 valetudine
875 1284 920 1323 et
953 1286 1089 1324 morte
1124 1281 1322 1338 impedita
1351 1282 1493 1326 studia
1527 1289 1602 1325 tua

120 1347 267 1404 quidni
316 1341 484 1390 sciam?
528 1360 622 1390 cum
668 1348 733 1389 sis
779 1348 960 1391 omnium
995 1348 1227 1391 officiorum
1262 1350 1603 1393 observantissi-

119 1427 238 1469 mus,
285 1427 465 1469 cumque
509 1427 680 1470 omnes,
728 1427 836 1470 quos
881 1414 1063 1470 probas,
1118 1417 1382 1459 effusissime
1429 1417 1600 1472 diligas.

120 1480 196 1523 Me
232 1480 312 1521 huo
348 1493 514 1535 quoque
561 1482 723 1522 urbana
758 1482 929 1535 negotia
962 1486 1293 1537 persequuntur.
1376 1485 1472 1526 Non
1521 1483 1601 1525 de-

121 1551 220 1588 sunt
256 1547 382 1602 enim,
421 1547 489 1601 qui
525 1559 591 1588 me
618 1545 831 1600 judicem,
866 1552 940 1588 aut
974 1547 1176 1589 arbitrum
1213 1549 1383 1590 faciant.
1456 1552 1601 1591 Aeee-
1643 1578 1652 1590 .

121 1612 227 1654 dunt
262 1613 464 1675 quereiae
500 1614 775 1664 rusticorum,
822 1613 890 1666 qui
937 1613 1111 1654 aui-ibus
1157 1615 1262 1655 meis
1299 1620 1396 1669 post
1432 1616 1601 1671 longum

121 1686 288 1735 tempus
325 1692 402 1721 suo
433 1681 534 1734 jure
557 1679 797 1720 abutuntur.
869 1678 1009 1720 Instat
1046 1685 1088 1721 et
1125 1681 1368 1722 necessitas
1402 1695 1601 1737 agrorum

123 1854 260 1886 schiimt
282 1862 419 1895 genug,
451 1856 496 1885 im
522 1855 654 1886 xamen
679 1855 740 1885 des
766 1854 881 1885 Pallas
908 1861 952 1884 zu
979 1853 1168 1891 erman-en,
1205 1862 1246 1886 ei·
1270 1855 1379 1886 wolle
1404 1856 1459 1886 bei
1483 1857 1604 1887 semei·

122 1910 322 1951 bisherigeu
346 1910 494 1941 Armuth
520 1911 729 1941 verharren.

213 1977 246 2006 3.
271 1976 437 2012 mimica]
465 1976 582 2014 ,‚eitel‚
609 1974 776 2015 nichtig“‚
800 1978 872 2006 wie
896 1978 958 2007 das
975 1978 1069 2016 spiel
1095 1977 1157 2006 des
1172 1977 1314 2013 Mimem
1337 1977 1400 2007 das
1419 1985 1484 2007 nui·
1498 1979 1602 2007 einen

124 2029 332 2070 fliichtigen,
356 2030 638 2070 vergiinglichen
664 2032 754 2062 Reiz
779 2032 953 2071 gewiihrt.
1011 2032 1116 2062 Diese
1143 2032 1346 2071 Bedeutung
1369 2031 1504 2062 scheint
1528 2033 1605 2062 hiel·

124 2084 378 2126 vorziiglicher
403 2085 455 2116 als
481 2086 535 2116 die
561 2086 763 2123 Erklitrung
788 2086 961 2126 Gierig’s:
985 2086 1097 2127 falsu,
1120 2084 1221 2126 ficta.

212 2149 364 2186 XXX.
392 2151 579 2188 Genitori]
606 2161 634 2183 s.
662 2153 696 2192 3,
722 2153 776 2183 11.
803 2162 834 2184 u.
861 2152 893 2191 3,
918 2154 954 2190 3,
977 2155 1008 2183 5.

215 2217 247 2248 1.
273 2216 509 2259 effusissime]
535 2227 564 2249 s.
592 2228 636 2250 zu
661 2219 695 2256 7,
718 2218 777 2257 24,
801 2219 835 2249 4.

213 2285 247 2315 2.
263 2283 430 2324 judicem
455 2285 524 2316 aut
549 2285 754 2321 arbitrum]
781 2285 853 2316 Der
868 2284 989 2323 judea:
1012 2286 1192 2317 entschied
1216 2286 1304 2315 nach
1331 2285 1407 2315 dem
1434 2289 1604 2325 sil'engeu

125 2339 260 2377 Recht‚
284 2341 373 2370 nach
398 2342 581 2379 gewissen
607 2340 850 2381 gesetzlicheu
875 2341 1184 2380 Bestmimiingen,
1217 2340 1356 2370 welche
1390 2348 1430 2370 er
1456 2340 1520 2369 auf
1538 2340 1604 2369 den

123 2393 329 2433 gegebenen
354 2394 430 2424 Fan
461 2395 538 2425 blos
570 2395 819 2426 anzuwenden
850 2395 962 2435 hatte,
995 2396 1058 2426 der
1091 2394 1236 2426 arbiter
1259 2395 1386 2424 suchte
1421 2394 1505 2424 nach
1538 2394 1603 2424 den

126 2447 373 2479 Grundsfitzen
408 2449 471 2480 der
504 2450 684 2489 Billigkeit
716 2452 772 2481 ein
804 2449 1116 2480 Einverstiindniss
1148 2452 1253 2480 unter
1286 2450 1352 2480 den
1386 2449 1604 2478 sti-eitenden

125 2502 315 2533 Partheien
347 2503 699 2544 hervorzubringen,
734 2504 807 2535 Cic·
835 2514 866 2543 p.
892 2505 999 2535 Rosc.
1027 2504 1126 2535 Com.
1152 2503 1184 2534 4.
1221 2505 1349 2534 Senec-
1376 2503 1489 2533 benef.
1513 2504 1544 2541 3,
1568 2503 1601 2532 7.

127 2556 449 2587 Rechtskenutniss
472 2558 543 2588 und
566 2559 764 2590 Humanitfit
790 2559 992 2598 befahigten
1016 2558 1150 2589 Plinius
1174 2565 1221 2587 zu
1248 2558 1369 2588 beiden
1396 2558 1533 2596 Roilen,
1559 2566 1602 2588 zu

129 2611 254 2642 beiden
278 2611 404 2642 wurde
428 2619 468 2642 er
491 2613 567 2642 hier
592 2621 663 2643 von
687 2613 755 2644 den
777 2613 1001 2644 Streiteuden
1026 2612 1136 2644 selbst
1159 2612 1326 2653 gewiihlt.

218 2677 251 2706 3.
277 2676 398 2713 abuti]
431 2678 543 2708 heisst
567 2679 661 2708 nicht
693 2678 768 2709 blos
800 2677 1127 2718 „missbrauclien“,
1158 2681 1312 2710 sondern
1345 2680 1431 2710 auch
1465 2678 1603 2716 „stan-k.

129 2730 400 2763 nachdriicklich
426 2733 462 2762 in
486 2733 673 2772 Anspruch
698 2733 870 2770 nelnnen,
902 2733 953 2763 ost
976 2733 1197 2773 brauchew,
1220 2742 1261 2765 so
1286 2737 1369 2766 dass
1394 2742 1434 2764 es
1456 2733 1603 2764 keines-

128 2794 231 2825 wegs
262 2788 387 2818 immet
419 2788 524 2818 einen
556 2788 814 2827 naohtheiligen
840 2789 923 2818 Sinu
958 2790 991 2818 in
1017 2789 1089 2820 sich
1114 2789 1294 2826 schliesst‚
1330 2797 1371 2819 so
1397 2789 1469 2819 Cic.
1496 2788 1535 2817 N.
1561 2786 1602 2815 1).

129 2843 161 2876 2,
188 2843 220 2871 6.
248 2842 328 2871 Fam
368 2843 399 2876 Ω,
425 2844 444 2871 6
484 2843 538 2874 10,
568 2842 616 2873 15,
645 2846 741 2873 Suet.
771 2842 848 2873 Ner.
877 2842 929 2872 4⁶2.
958 2843 1032 2873 μέν,
1060 2844 1114 2885 27,
1141 2843 1197 2874 46.
1246 2844 1336 2874 Dass
1363 2845 1437 2874 hier
1463 2842 1603 2880 wenig-
