1855 3200
230 234 297 278 52
782 236 897 273 Plinii
928 235 1175 282 epistolarum

196 354 269 398 esi
313 352 416 394 nihil
463 351 587 407 qnasi
631 364 685 392 ex
732 349 997 392 necessitate
1048 347 1343 391 decernerem.
1435 343 1715 388 Recordabar

232 420 373 474 etiam,
409 419 613 476 plurimos
650 416 838 458 honores
868 415 1055 471 pessimo
1089 416 1243 470 cuique
1278 413 1463 467 delatos,
1500 426 1525 455 a
1561 412 1715 469 quibus

233 488 300 529 hic
336 487 515 542 optimus
550 483 748 540 separari
784 495 866 524 non
902 483 984 524 alio
1020 483 1156 537 magis
1192 485 1360 537 poterat
1401 493 1527 537 quam
1563 479 1714 522 diver-

235 556 362 596 sitate
395 550 623 606 censendi3
663 548 772 606 quod
809 550 949 606 ipsum
985 548 1319 591 dissimulatione
1357 551 1400 590 et
1434 547 1602 590 silentio
1630 558 1714 588 non

235 620 459 677 praeterii,
506 631 560 660 ne
597 618 705 659 forte
741 630 823 659 non
864 615 1068 671 judicium
1103 614 1204 657 illud
1241 627 1404 671 meum,
1442 614 1520 656 sed
1558 613 1716 656 oblivio

199 685 469 745 4videretur.
540 684 636 727 Hoc
672 689 773 726 tunc
810 697 913 738 ego:
960 682 1039 726 sed
1077 695 1158 725 non
1195 682 1388 724 omnibus
1425 680 1574 723 eadem
1622 681 1716 735 pla-

236 757 349 807 cent,
386 747 465 795 nec
501 752 760 794 conveniunt
795 749 977 807 quidem.
1050 751 1302 805 Praeterea,
1341 746 1526 790 faciendi
1561 745 1716 802 aliquid

238 821 308 863 vel
347 833 428 862 non
464 818 649 862 faciendi
695 831 801 861 vera
848 819 955 860 ratio
992 830 1087 859 eum
1122 817 1332 859 hominum
1368 816 1583 872 ipsorum,
1629 818 1718 855 tuin

197 901 378 937 51·erum
414 888 539 929 etiam
575 899 626 927 ac
663 890 896 941 temporum
939 884 1178 927 conditione
1220 889 1419 925 mutatur.
1496 883 1608 923 Nam
1644 894 1721 923 re-

236 955 378 997 centia
414 966 547 1010 opera
579 953 750 994 maximi
788 953 997 1007 Principis
1032 952 1241 1008 praebent
1277 951 1544 1006 facultatem,
1591 959 1721 1000 nova,

236 1034 404 1078 magna,
441 1033 548 1064 vera
586 1019 815 1063 censendi:
852 1020 1006 1075 quibus
1042 1033 1097 1062 ex
1134 1019 1304 1061 caussis
1328 1022 1373 1061 ut
1395 1016 1720 1073 suprascripsi,

238 1088 396 1143 dubito,
430 1100 484 1130 an
520 1087 634 1130 idem
654 1099 765 1128 nunc
788 1087 877 1139 tibi,
914 1086 1025 1142 qnod
1055 1092 1157 1128 tunc
1179 1086 1293 1143 mihi,
1330 1084 1549 1128 suadeam.
1606 1080 1720 1125 Illud

240 1168 323 1198 non
359 1155 517 1211 dubito,
555 1154 758 1197 debuisse
794 1167 860 1196 me
895 1154 937 1194 in
975 1158 1098 1209 parte
1121 1154 1289 1196 consilii
1310 1154 1367 1195 tui
1393 1165 1569 1208 ponere,
1604 1148 1720 1206 qnod

240 1223 332 1277 ipse
368 1223 580 1265 fecissem.
652 1220 776 1262 Vale.

333 1422 364 1451 3.
391 1421 488 1457 alio]
515 1418 573 1451 fiir
597 1420 673 1452 alla
697 1427 758 1459 τες
794 1428 835 1451 so
862 1420 994 1451 kommt
1018 1428 1057 1450 es
1083 1420 1115 1449 in
1141 1419 1260 1450 dieser
1283 1418 1363 1449 Zeit
1387 1418 1480 1448 nicht
1504 1416 1617 1447 seiten
1644 1424 1723 1456 vor,

242 1478 329 1507 ancli
353 1476 457 1507 nullo
490 1477 545 1506 liat
572 1476 766 1513 Quintilian
799 1477 897 1506 mehr
933 1476 987 1506 als
1012 1475 1139 1506 einmal
1163 1472 1220 1505 fiir
1242 1473 1350 1503 milla,
1375 1480 1429 1502 re.
1486 1474 1531 1503 Es
1565 1473 1725 1503 hedui-ne

241 1533 353 1563 daher
377 1532 439 1563 des
464 1532 641 1562 ziisatzes
666 1531 790 1572 modo,
824 1531 890 1561 den
923 1532 985 1561 der
1012 1531 1113 1570 Prag.
1146 1529 1214 1559 und
1243 1529 1386 1558 Helinst.
1423 1530 1485 1560 mit
1507 1528 1573 1558 den
1600 1528 1723 1558 besien

242 1588 512 1619 Handsclirifteu
538 1588 626 1619 eben
646 1595 686 1617 so
711 1587 832 1626 wenig
857 1587 928 1625 hat,
953 1586 1007 1616 ais
1031 1585 1087 1616 die
1112 1584 1226 1616 alteru
1253 1586 1388 1625 Ausgg.
1415 1585 1486 1615 wie
1510 1584 1618 1614 'sai-v.
1643 1583 1723 1613 Ber„

241 1645 484 1685 keineswegs.

330 1733 365 1765 4.
391 1733 470 1765 Hoc
493 1733 582 1764 tunc
606 1733 690 1771 eqo]
714 1739 766 1762 sc.
789 1730 1031 1762 recordabar.

331 1818 400 1842 nec
428 1827 465 1833 —
492 1809 656 1850 quidem]
700 1809 749 1839 So
781 1808 887 1848 lange
923 1807 987 1838 dei·
1021 1807 1129 1838 Streit
1164 1804 1252 1838 iiber
1286 1807 1341 1837 die
1372 1805 1615 1846 zulassigkeit
1651 1815 1724 1838 von

242 1873 310 1899 nec
333 1883 376 1889 ——
399 1865 544 1905 quidem
568 1861 639 1903 (fiir
659 1863 694 1895 et
718 1872 761 1894 ηε
785 1878 827 1885 —-
851 1862 1011 1903 quidem)
1038 1864 1127 1893 noch
1147 1862 1419 1893 unentschieden
1445 1863 1501 1900 ist,
1526 1860 1643 1893 diii-fle
1667 1863 1725 1893 die

244 1921 460 1960 Aenderung
484 1920 519 1950 in
544 1927 588 1950 ne
605 1935 641 1941 -
657 1919 812 1960 quidem,
836 1927 907 1957 wo,
932 1920 1003 1949 wie
1029 1919 1119 1959 hier,
1140 1918 1195 1949 die
1214 1918 1406 1949 Handsclir.
1432 1918 1500 1948 fast
1526 1918 1616 1949 ohne
1630 1918 1723 1949 Aus-

245 1977 372 2007 nahme
396 1984 464 2006 nec
487 1973 669 2013 schiitzen,
693 1983 737 2004 zu
763 1974 973 2014 gewaltsam
999 1974 1221 2005 erscheinen.
1272 1975 1409 2004 Ebenso
1435 1974 1571 2004 iniiclite
1595 1982 1634 2004 es
1650 1974 1725 2005 sicli

245 2032 354 2063 Tacit.
372 2031 489 2062 Germ.
514 2030 546 2060 7.
574 2030 733 2060 maha).
757 2030 852 2059 nicht
877 2030 984 2060 leiclit
1009 2029 1236 2069 verm-{ingen
1261 2029 1393 2060 lassen.
1440 2029 1541 2059 Anch
1556 2037 1599 2060 an
1625 2029 1724 2060 ineli-

245 2077 334 2118 rern⁴
356 2086 490 2116 Stellen
514 2085 576 2116 des
602 2085 729 2117 Cicero
762 2086 819 2116 hat
851 2093 890 2115 es
916 2085 1012 2115 wohl
1038 2094 1083 2116 zu
1108 2085 1260 2124 voreilig
1284 2085 1362 2116 dem
1388 2085 1530 2115 Ansehn
1557 2081 1726 2116 Ernesti's

245 2142 407 2174 weicheri
433 2140 588 2172 miissen.
635 2142 671 2172 et
698 2157 733 2163 —
762 2140 910 2181 quidem
934 2142 981 2170 im
1008 2141 1111 2181 Prag.
1134 2140 1268 2181 hilligte
1293 2140 1386 2171 wohl
1412 2140 1593 2171 Niemand.

334 2233 367 2262 5.
391 2206 466 2261 =non
491 2228 641 2265 dubito]
667 2238 696 2259 s.
723 2237 769 2259 zu
793 2230 826 2267 5,
850 2231 884 2268 5,
907 2229 939 2258 7.

333 2309 372 2339 in
396 2307 507 2348 parte
532 2323 574 2328 —
599 2307 758 2346 ponere]
795 2307 859 2337 Die
883 2306 1018 2346 Frage,
1049 2305 1197 2336 woraus
1223 2306 1381 2335 Severus
1415 2307 1587 2346 antragen
1621 2306 1726 2347 solie,

245 2366 341 2397 hatte
365 2364 537 2402 vorliitifig
560 2362 692 2392 Plinius
727 2362 857 2392 andei-s
882 2361 1026 2401 gestent
1050 2360 1117 2390 und
1143 2360 1351 2391 untersucht
1366 2382 1375 2399 ‚
1401 2361 1444 2391 ob
1468 2369 1508 2392 er
1531 2358 1727 2402 uberhaupt

247 2421 309 2450 aui*
329 2420 410 2450 eine
435 2419 709 2457 Auszeichnung
734 2419 795 2449 des
821 2414 951 2457 Trajan
976 2418 1079 2448 einen
1096 2417 1234 2455 Anti-ag
1257 2415 1385 2446 stellen
1409 2416 1525 2446 sollte.
1573 2416 1625 2448 Da
1648 2417 1727 2448 hiei'¹

247 2483 286 2504 es
311 2483 378 2505 nur
401 2476 464 2505 auf
482 2475 526 2505 Ja
550 2473 638 2505 oder
657 2474 744 2505 Nein
768 2472 908 2510 ankam,
933 2472 1009 2503 also
1034 2473 1130 2502 zwei
1148 2471 1339 2502 Ansiciiten
1363 2471 1572 2511 (gleichsam
1595 2472 1726 2512 partes

247 2536 276 2557 ε.
299 2529 334 2567 2,
357 2529 397 2559 19
422 2536 478 2559 am
503 2529 659 2570 Schiuss)
685 2530 760 2560 sich
785 2528 1124 2568 entgegenstanden‚
1147 2535 1191 2557 so
1215 2528 1310 2558 haue
1325 2527 1459 2557 Plinius
1482 2524 1539 2557 fiir
1564 2526 1621 2558 die
1644 2528 1726 2558 eine

248 2584 325 2612 sein
349 2584 470 2623 eignes
496 2585 647 2622 Beispiel
672 2583 879 2625 angeium-t,
908 2584 963 2615 ihr
992 2583 1073 2614 also
1096 2583 1150 2614 bei
1185 2583 1248 2613 der
1273 2583 1470 2622 Berathnng
1493 2582 1627 2622 einiges
1651 2581 1724 2614 Ge-

249 2636 355 2667 wicht
379 2640 549 2678 gegeben.
598 2640 702 2671 mess
726 2640 911 2672 bedentet:
939 2639 978 2670 in
1001 2639 1110 2678 parte
1135 2637 1278 2669 consilii·
1299 2644 1446 2678 ponere.
