1855 3200
259 214 366 261 228
821 219 934 262 Plinii
965 221 1217 268 epistolarum

196 333 331 377 14Ex
373 346 456 390 quo
500 336 642 377 tamen
688 338 843 390 postea
886 333 1117 376 clementia
1158 332 1247 376 divi
1282 334 1461 377 Nervae
1505 333 1743 376 translatus

259 405 328 445 est
359 400 402 442 in
425 399 631 458 Siciliam,
668 402 742 444 ubi
763 414 873 443 nunc
904 399 1138 454 profitetur,
1174 412 1309 455 seque
1344 399 1399 444 de
1421 402 1589 444 fortuna
1609 413 1741 457 prae-2

195 468 489 512 15fationibus
525 467 730 512 vindieat.
801 466 954 520 Vides,
990 478 1118 522 quam
1146 466 1435 523 obsequenter
1455 480 1629 525 paream
1651 468 1742 523 tibi,

259 536 333 593 qui
368 549 452 579 non
487 535 623 577 solum
660 547 732 577 res
768 534 970 591 urbanas,
1009 546 1158 576 verum
1193 534 1318 576 etiam
1350 536 1621 593 peregrinas,
1657 539 1744 577 tam

259 602 409 646 sedulo
456 602 624 654 scribo,
665 604 713 642 ut
746 601 874 643 altius
918 603 1124 657 repetam.
1194 599 1255 641 Et
1289 612 1397 644 saue
1440 603 1639 657 putabam
1684 607 1742 655 te,

258 670 356 726 quia
392 673 494 711 tuuc
529 668 717 723 abfuisti,
754 668 857 710 nihil
894 667 1009 709 aliud
1047 666 1101 710 de
1134 667 1354 711 Liciniano
1389 668 1582 726 audisse,
1618 681 1742 726 quam

258 737 496 792 relegatum
543 735 595 778 ob
649 736 875 783 incestum,
963 734 1180 779 Summam
1226 735 1339 777 enim
1393 747 1535 778 rerum
1577 737 1745 778 nuntiat

195 803 386 861 16fama,
425 815 509 846 non
544 801 753 846 ordinem.
822 802 1009 860 Mereor,
1049 808 1095 845 ut
1129 803 1334 858 vicissim,
1371 801 1474 859 quid
1506 801 1551 844 in
1587 801 1744 858 oppido

260 875 347 922 tuo,
383 869 484 926 quid
520 871 563 913 in
584 870 775 912 finitimis
794 874 949 926 agatur
983 870 1155 926 (solent
1177 870 1285 914 enim
1309 869 1511 913 notabilia
1533 868 1746 926 quaedam

261 934 486 995 incidere)
529 938 801 994 perscribas:
849 937 1035 995 denique
1077 936 1284 995 quidquid
1327 938 1475 994 voleS,
1521 935 1746 979 dummodo

261 1017 345 1048 non
382 1004 519 1047 minus
554 1005 684 1061 longa
719 1005 904 1062 epistola
938 1006 1126 1048 nuntieS.
1197 1005 1296 1062 Ego
1333 1017 1416 1048 non
1445 1004 1629 1061 paginas
1649 1007 1746 1046 tan-

261 1077 363 1131 tum,
400 1071 481 1116 sed
516 1072 643 1115 etiam
680 1086 841 1116 versus
876 1073 1156 1130 syllabasque
1192 1072 1440 1117 numerabo.
1512 1071 1638 1114 Vale.

931 1202 1076 1248 XII.

621 1312 675 1363 C.
722 1314 912 1363 Plinius
945 1315 1169 1364 Arriano
1203 1314 1312 1363 Suo
1348 1313 1404 1361 S.

230 1434 254 1470 1
400 1419 536 1463 Amas
554 1417 783 1475 Egnatium
803 1420 1116 1478 Marcellinum,
1154 1424 1284 1477 atque
1321 1420 1449 1464 etiam
1482 1419 1581 1462 mihi
1615 1431 1751 1476 saepe

263 1487 562 1532 commendas:
597 1488 760 1530 amabis
795 1481 934 1543 magis
964 1487 1378 1543 commendabisque,
1415 1487 1454 1529 si
1488 1486 1753 1543 cognoveris

229 1567 423 1603 2reeens
459 1556 556 1610 ejus
593 1554 762 1597 sactum.
834 1554 940 1597 Cum
970 1555 1013 1596 in
1031 1554 1297 1611 provinciam
1319 1554 1536 1608 Quaestor
1570 1553 1751 1611 exisset,

267 1621 565 1680 scribamque,
614 1623 685 1677 qui
730 1626 850 1665 sorte
894 1622 1133 1681 obtigerat,
1180 1625 1281 1665 ante
1324 1621 1558 1678 legitimum
1602 1620 1754 1664 salarii

269 1783 351 1818 zum
374 1774 568 1807 Wohnsitz
591 1775 748 1814 anwies,
779 1783 822 1807 so
846 1775 938 1817 folgt
960 1776 1088 1808 dar-aus
1111 1776 1224 1814 nieht,
1255 1775 1357 1818 dass,
1387 1776 1462 1808 wie
1484 1775 1610 1817 Gierig
1631 1775 1752 1814 meiat,

268 1830 332 1862 «las
363 1833 461 1862 erste
494 1830 572 1862 Exi}
603 1834 710 1863 unter
741 1831 1044 1863 beschwerenden
1079 1831 1326 1872 Rediugungen
1359 1832 1429 1863 ihm
1462 1832 1641 1873 ausgelegt
1671 1831 1752 1862 sein

269 1893 402 1917 musse.

362 1950 418 1985 14.
442 1959 552 1992 seque
575 1951 620 1983 de
642 1950 1047 1992 fortuna—vindicat]
1061 1961 1157 1994 ganz
1180 1953 1481 1994 ungewilhnliehe
1496 1952 1753 1986 Construction

271 2011 344 2040 wie
369 2008 425 2039 bei
440 2008 539 2040 Flor.
563 2009 596 2047 3,
618 2008 674 2047 21,
702 2008 756 2039 19.
804 2009 904 2040 Doob
929 2012 1009 2050 sagt
1032 2010 1141 2041 sehon
1165 2009 1294 2041 Cicero
1310 2007 1427 2050 Dejot.
1452 2010 1487 2050 ¹7,
1508 2009 1566 2042 21.
1589 2008 1749 2041 iihnlich:

270 2074 306 2096 se
329 2064 372 2096 de
395 2064 543 2096 absente
566 2064 755 2104 vindicat,
781 2072 888 2095 wenn
914 2063 1044 2096 anders
1068 2064 1126 2096 die
1152 2065 1284 2097 Lesart
1308 2066 1434 2106 riehtig
1458 2066 1517 2097 ist.

357 2129 678 2172 praefationibus]
705 2131 765 2161 mit
790 2130 994 2171 Beziehung
1018 2131 1084 2163 auf
1102 2132 1123 2171 S
1147 2132 1179 2164 2.
1205 2135 1344 2174 gesagt.

359 2188 416 2219 15.
441 2187 698 2229 obsequenter]
725 2190 801 2220 erst
824 2187 878 2218 bei
894 2188 1093 2218 naehclass.
1108 2189 1285 2220 Schristst.
1310 2189 1380 2220 seit
1392 2188 1470 2219 Liv.
1494 2185 1752 2229 gebrauchlielt.

361 2254 416 2287 16.
442 2253 624 2290 incidere]
645 2254 773 2293 senen,
796 2254 868 2284 wie
892 2254 980 2292 hier,
1005 2251 1062 2284 fiir
1087 2253 1271 2285 accidere.

360 2321 511 2358 versus]
537 2318 732 2358 iiber-haupt
756 2316 842 2359 jede
867 2318 980 2350 Relhe
1004 2328 1038 2350 z.
1063 2321 1098 2350 Β.
1123 2329 1196 2351 von
1223 2319 1395 2359 Bitumen,
1427 2319 1639 2352 bezeichnet
1662 2319 1754 2351 daun

274 2378 487 2410 namentlieh
510 2378 591 2409 eine
613 2376 731 2414 Zeile‚
763 2375 876 2416 Linie,
909 2377 1006 2407 nicht
1030 2375 1107 2407 blos
1132 2384 1205 2407 von
1229 2376 1448 2418 Gedichten,
1478 2377 1550 2408 wie
1574 2374 1648 2409 Cic.
1681 2375 1753 2407 Mil.

271 2435 327 2465 26.
359 2434 478 2466 Rablr.
516 2432 638 2464 Posth.
662 2430 695 2462 6.
731 2430 837 2463 Attio.
869 2430 903 2470 2,
934 2431 989 2461 16.
1022 2432 1110 2472 Nep.
1135 2432 1254 2471 Epam.
1285 2432 1320 2472 4,
1343 2431 1376 2463 6.
1408 2432 1525 2471 Quint.
1559 2431 1614 2471 10,
1640 2431 1673 2472 1,
1697 2431 1753 2463 38.

274 2489 338 2520 Die
363 2490 580 2529 Beuennung
614 2488 681 2519 soll
707 2495 787 2519 vom
812 2485 1001 2518 Ackerbau
1026 2487 1302 2528 hergenommeu
1326 2490 1421 2529 sein,
1454 2496 1514 2519 wo
1546 2489 1610 2520 der
1634 2487 1755 2519 Land-

274 2551 392 2582 mann,
417 2552 524 2576 wenn
547 2552 588 2577 er
600 2544 762 2575 Furchen
788 2551 869 2584 zog,
893 2544 961 2575 den
973 2543 1074 2585 Pflug
1097 2543 1268 2576 wendete
1293 2543 1468 2585 (vertere)
1492 2552 1551 2575 um
1568 2544 1649 2575 eine
1667 2551 1758 2575 neue

276 2604 325 2628 zu
357 2599 544 2638 beginuen.
604 2601 677 2632 Der
709 2599 899 2640 Vergleich
935 2607 1017 2631 war
1049 2608 1105 2631 um
1136 2608 1179 2632 so
1205 2601 1420 2640 passeuder,
1458 2599 1540 2632 weil
1571 2599 1659 2630 auch
1692 2598 1758 2630 der

276 2651 400 2683 Griffel
424 2655 513 2684 heim
530 2655 724 2686 schreiben
750 2657 783 2686 in
809 2655 873 2687 der
888 2657 1050 2687 weichen
1071 2657 1196 2688 Masso
1219 2656 1414 2697 gleichsam
1432 2656 1594 2688 Furchen
1617 2654 1758 2686 bildete.

276 2708 350 2739 Der
374 2707 524 2748 Umfang
554 2710 655 2740 einer
677 2711 809 2742 schrift
839 2711 966 2744 wurde
999 2712 1052 2743 ost
1075 2713 1167 2744 nach
1202 2712 1265 2744 der
1290 2712 1426 2744 Anzahl
1449 2712 1513 2744 der
1537 2710 1663 2742 Zeilen
1695 2709 1756 2740 be-

279 2764 437 2801 reolmet,
462 2763 547 2801 Nep.
572 2764 595 2794 1.
619 2765 643 2794 l.
670 2765 791 2801 Quint.
816 2767 849 2807 7,
877 2766 907 2797 1.

369 2826 492 2862 XII.
510 2828 700 2866 Arriano]
727 2840 755 2861 s.
785 2832 815 2871 1,
839 2833 874 2864 2.

369 2899 403 2929 2.
430 2895 631 2932 salarium]
657 2896 805 2928 bestand
835 2898 1080 2941 urspriinglich
1107 2901 1142 2931 iu
1177 2900 1244 2932 den
1268 2899 1581 2941 nolhweudigsten
1607 2897 1754 2934 Rediit?-
