<?xml version="1.0" encoding="UTF-8"?>
<!DOCTYPE html PUBLIC "-//W3C//DTD XHTML 1.0 Transitional//EN"
    "http://www.w3.org/TR/xhtml1/DTD/xhtml1-transitional.dtd">
<html xmlns="http://www.w3.org/1999/xhtml" xml:lang="en" lang="en">
 <head>
  <title>
</title>
<meta http-equiv="Content-Type" content="text/html;charset=utf-8" />
  <meta name='ocr-system' content='tesseract 3.04.00' />
  <meta name='ocr-capabilities' content='ocr_page ocr_carea ocr_par ocr_line ocrx_word'/>
</head>
<body>
  <div class='ocr_page' id='page_1' title='image "./epistolae01plinuoft_0243.png"; bbox 0 0 1855 3200; ppageno 0'>
   <div class='ocr_carea' id='block_1_1' title="bbox 716 212 1619 256">
    <p class='ocr_par' dir='ltr' id='par_1_1' title="bbox 716 212 1619 256">
     <span class='ocr_line' id='line_1_1' title="bbox 716 212 1619 256; baseline 0.006 -5"><span class='ocrx_word' id='word_1_1' title='bbox 716 214 816 252; x_wconf 86' lang='lat' dir='ltr'><strong>liber</strong></span> <span class='ocrx_word' id='word_1_2' title='bbox 847 215 995 254; x_wconf 81' lang='lat' dir='ltr'><strong>tertius.</strong></span> <span class='ocrx_word' id='word_1_3' title='bbox 1519 212 1619 256; x_wconf 80' lang='grc'><strong>199</strong></span> 
     </span>
    </p>
   </div>
   <div class='ocr_carea' id='block_1_2' title="bbox 100 327 1683 1593">
    <p class='ocr_par' dir='ltr' id='par_1_2' title="bbox 100 327 1683 1593">
     <span class='ocr_line' id='line_1_2' title="bbox 134 327 1621 384; baseline 0 -10"><span class='ocrx_word' id='word_1_4' title='bbox 134 334 208 374; x_wconf 82' lang='lat' dir='ltr'><strong>aut</strong></span> <span class='ocrx_word' id='word_1_5' title='bbox 243 330 368 373; x_wconf 83' lang='lat' dir='ltr'><strong>etiam</strong></span> <span class='ocrx_word' id='word_1_6' title='bbox 412 341 556 371; x_wconf 85' lang='lat' dir='ltr'><strong>mores</strong></span> <span class='ocrx_word' id='word_1_7' title='bbox 604 329 828 384; x_wconf 83' lang='lat' dir='ltr'><strong>arguebat.</strong></span> <span class='ocrx_word' id='word_1_8' title='bbox 909 329 1127 372; x_wconf 80' lang='lat' dir='ltr'><strong>Audiebat</strong></span> <span class='ocrx_word' id='word_1_9' title='bbox 1164 327 1356 372; x_wconf 84' lang='lat' dir='ltr'><strong>Senatus</strong></span> <span class='ocrx_word' id='word_1_10' title='bbox 1401 331 1621 384; x_wconf 83' lang='lat' dir='ltr'><strong>gravitate</strong></span> 
     </span>
     <span class='ocr_line' id='line_1_3' title="bbox 133 395 1619 453; baseline 0.001 -14"><span class='ocrx_word' id='word_1_11' title='bbox 133 397 343 440; x_wconf 81' lang='lat' dir='ltr'><strong>censoria.</strong></span> <span class='ocrx_word' id='word_1_12' title='bbox 414 396 479 438; x_wconf 86' lang='lat' dir='ltr'><strong>Ita</strong></span> <span class='ocrx_word' id='word_1_13' title='bbox 516 397 693 451; x_wconf 88' lang='lat' dir='ltr'><strong>saepius</strong></span> <span class='ocrx_word' id='word_1_14' title='bbox 730 395 863 451; x_wconf 85' lang='lat' dir='ltr'><strong>digni,</strong></span> <span class='ocrx_word' id='word_1_15' title='bbox 900 409 1026 452; x_wconf 87' lang='lat' dir='ltr'><strong>quam</strong></span> <span class='ocrx_word' id='word_1_16' title='bbox 1059 396 1255 453; x_wconf 76' lang='lat' dir='ltr'><strong>gratiosi,</strong></span> <span class='ocrx_word' id='word_1_17' title='bbox 1292 397 1619 452; x_wconf 75' lang='lat' dir='ltr'><strong>praevalebant.</strong></span> 
     </span>
     <span class='ocr_line' id='line_1_4' title="bbox 132 462 1683 520; baseline 0.001 -15"><span class='ocrx_word' id='word_1_18' title='bbox 132 463 253 517; x_wconf 80' lang='lat' dir='ltr'><strong>Quae</strong></span> <span class='ocrx_word' id='word_1_19' title='bbox 288 477 400 506; x_wconf 90' lang='lat' dir='ltr'><strong>nunc</strong></span> <span class='ocrx_word' id='word_1_20' title='bbox 436 463 653 505; x_wconf 86' lang='lat' dir='ltr'><strong>immodico</strong></span> <span class='ocrx_word' id='word_1_21' title='bbox 690 464 840 506; x_wconf 80' lang='lat' dir='ltr'><strong>favore</strong></span> <span class='ocrx_word' id='word_1_22' title='bbox 877 469 1104 520; x_wconf 81' lang='lat' dir='ltr'><strong>corrupta,</strong></span> <span class='ocrx_word' id='word_1_23' title='bbox 1139 462 1194 504; x_wconf 87' lang='lat' dir='ltr'><strong>ad</strong></span> <span class='ocrx_word' id='word_1_24' title='bbox 1231 464 1360 506; x_wconf 83' lang='lat' dir='ltr'><strong>tacita</strong></span> <span class='ocrx_word' id='word_1_25' title='bbox 1395 465 1617 520; x_wconf 76' lang='lat' dir='ltr'><strong>suffragia,</strong></span> <span class='ocrx_word' id='word_1_26' title='bbox 1658 477 1683 511; x_wconf 80' lang='lat'><strong>7</strong></span> 
     </span>
     <span class='ocr_line' id='line_1_5' title="bbox 128 529 1617 587; baseline 0.001 -15"><span class='ocrx_word' id='word_1_27' title='bbox 128 531 250 587; x_wconf 82' lang='lat' dir='ltr'><strong>quasi</strong></span> <span class='ocrx_word' id='word_1_28' title='bbox 285 530 340 572; x_wconf 88' lang='lat' dir='ltr'><strong>ad</strong></span> <span class='ocrx_word' id='word_1_29' title='bbox 376 530 629 584; x_wconf 88' lang='lat' dir='ltr'><strong>remedium,</strong></span> <span class='ocrx_word' id='word_1_30' title='bbox 677 529 1028 575; x_wconf 87' lang='lat' dir='ltr'><strong>decucurrerunt.</strong></span> <span class='ocrx_word' id='word_1_31' title='bbox 1107 529 1232 583; x_wconf 81' lang='lat' dir='ltr'><strong>Quod</strong></span> <span class='ocrx_word' id='word_1_32' title='bbox 1272 530 1440 574; x_wconf 86' lang='lat' dir='ltr'><strong>interim</strong></span> <span class='ocrx_word' id='word_1_33' title='bbox 1488 532 1617 587; x_wconf 86' lang='lat' dir='ltr'><strong>plane</strong></span> 
     </span>
     <span class='ocr_line' id='line_1_6' title="bbox 127 597 1679 653; baseline 0.001 -13"><span class='ocrx_word' id='word_1_34' title='bbox 127 597 356 641; x_wconf 86' lang='lat' dir='ltr'><strong>remedium</strong></span> <span class='ocrx_word' id='word_1_35' title='bbox 392 598 490 640; x_wconf 81' lang='lat' dir='ltr'><strong>fuit:</strong></span> <span class='ocrx_word' id='word_1_36' title='bbox 527 602 621 641; x_wconf 87' lang='lat' dir='ltr'><strong>erat</strong></span> <span class='ocrx_word' id='word_1_37' title='bbox 655 598 766 640; x_wconf 90' lang='lat' dir='ltr'><strong>enim</strong></span> <span class='ocrx_word' id='word_1_38' title='bbox 800 610 960 641; x_wconf 89' lang='lat' dir='ltr'><strong>novum</strong></span> <span class='ocrx_word' id='word_1_39' title='bbox 981 602 1024 642; x_wconf 90' lang='lat' dir='ltr'><strong>et</strong></span> <span class='ocrx_word' id='word_1_40' title='bbox 1045 599 1243 640; x_wconf 89' lang='lat' dir='ltr'><strong>subitum.</strong></span> <span class='ocrx_word' id='word_1_41' title='bbox 1314 597 1406 642; x_wconf 82' lang='lat' dir='ltr'><strong>Sed</strong></span> <span class='ocrx_word' id='word_1_42' title='bbox 1444 611 1613 653; x_wconf 87' lang='lat' dir='ltr'><strong>vereor,</strong></span> <span class='ocrx_word' id='word_1_43' title='bbox 1654 607 1679 642; x_wconf 84' lang='grc'>8</span> 
     </span>
     <span class='ocr_line' id='line_1_7' title="bbox 128 664 1612 721; baseline 0.001 -14"><span class='ocrx_word' id='word_1_44' title='bbox 128 679 183 709; x_wconf 91' lang='lat' dir='ltr'><strong>ne</strong></span> <span class='ocrx_word' id='word_1_45' title='bbox 220 664 479 721; x_wconf 82' lang='lat' dir='ltr'><strong>procedente</strong></span> <span class='ocrx_word' id='word_1_46' title='bbox 528 669 720 720; x_wconf 88' lang='lat' dir='ltr'><strong>tempore</strong></span> <span class='ocrx_word' id='word_1_47' title='bbox 756 678 811 707; x_wconf 84' lang='lat' dir='ltr'><strong>ex</strong></span> <span class='ocrx_word' id='word_1_48' title='bbox 846 665 941 720; x_wconf 89' lang='lat' dir='ltr'><strong>ipso</strong></span> <span class='ocrx_word' id='word_1_49' title='bbox 988 665 1175 708; x_wconf 87' lang='lat' dir='ltr'><strong>remedio</strong></span> <span class='ocrx_word' id='word_1_50' title='bbox 1211 665 1317 708; x_wconf 84' lang='lat' dir='ltr'><strong>vitia</strong></span> <span class='ocrx_word' id='word_1_51' title='bbox 1364 669 1612 708; x_wconf 81' lang='lat' dir='ltr'><strong>nascautur.</strong></span> 
     </span>
     <span class='ocr_line' id='line_1_8' title="bbox 127 731 1614 789; baseline 0.001 -15"><span class='ocrx_word' id='word_1_52' title='bbox 127 731 211 774; x_wconf 86' lang='lat' dir='ltr'><strong>Est</strong></span> <span class='ocrx_word' id='word_1_53' title='bbox 247 733 359 775; x_wconf 79' lang='lat' dir='ltr'><strong>enim</strong></span> <span class='ocrx_word' id='word_1_54' title='bbox 396 732 643 789; x_wconf 91' lang='lat' dir='ltr'><strong>periculum,</strong></span> <span class='ocrx_word' id='word_1_55' title='bbox 681 744 736 774; x_wconf 86' lang='lat' dir='ltr'><strong>ne</strong></span> <span class='ocrx_word' id='word_1_56' title='bbox 772 733 913 774; x_wconf 86' lang='lat' dir='ltr'><strong>tacitis</strong></span> <span class='ocrx_word' id='word_1_57' title='bbox 948 733 1166 788; x_wconf 84' lang='lat' dir='ltr'><strong>suffragiis</strong></span> <span class='ocrx_word' id='word_1_58' title='bbox 1200 731 1463 788; x_wconf 83' lang='lat' dir='ltr'><strong>impudentia</strong></span> <span class='ocrx_word' id='word_1_59' title='bbox 1499 733 1614 776; x_wconf 88' lang='lat' dir='ltr'><strong>irre—</strong></span> 
     </span>
     <span class='ocr_line' id='line_1_9' title="bbox 128 798 1611 856; baseline 0.001 -15"><span class='ocrx_word' id='word_1_60' title='bbox 128 805 213 855; x_wconf 85' lang='lat' dir='ltr'><strong>pat.</strong></span> <span class='ocrx_word' id='word_1_61' title='bbox 296 801 405 842; x_wconf 90' lang='lat' dir='ltr'><strong>Nam</strong></span> <span class='ocrx_word' id='word_1_62' title='bbox 458 799 740 856; x_wconf 78' lang='lat' dir='ltr'><strong>quotocuique</strong></span> <span class='ocrx_word' id='word_1_63' title='bbox 783 798 933 842; x_wconf 87' lang='lat' dir='ltr'><strong>eadem</strong></span> <span class='ocrx_word' id='word_1_64' title='bbox 979 799 1221 843; x_wconf 80' lang='lat' dir='ltr'><strong>honestatis</strong></span> <span class='ocrx_word' id='word_1_65' title='bbox 1275 812 1379 842; x_wconf 85' lang='lat' dir='ltr'><strong>cura</strong></span> <span class='ocrx_word' id='word_1_66' title='bbox 1425 805 1611 853; x_wconf 85' lang='lat' dir='ltr'><strong>secreto,</strong></span> 
     </span>
     <span class='ocr_line' id='line_1_10' title="bbox 128 860 1608 922; baseline 0.001 -14"><span class='ocrx_word' id='word_1_67' title='bbox 128 879 240 922; x_wconf 87' lang='lat' dir='ltr'><strong>quae</strong></span> <span class='ocrx_word' id='word_1_68' title='bbox 276 860 450 921; x_wconf 68' lang='lat' dir='ltr'><strong>palam?</strong></span> <span class='ocrx_word' id='word_1_69' title='bbox 520 866 643 908; x_wconf 86' lang='lat' dir='ltr'><strong>Multi</strong></span> <span class='ocrx_word' id='word_1_70' title='bbox 679 866 850 919; x_wconf 84' lang='lat' dir='ltr'><strong>samam,</strong></span> <span class='ocrx_word' id='word_1_71' title='bbox 887 867 1191 909; x_wconf 80' lang='lat' dir='ltr'><strong>conscientiam</strong></span> <span class='ocrx_word' id='word_1_72' title='bbox 1227 868 1351 922; x_wconf 89' lang='lat' dir='ltr'><strong>pauci</strong></span> <span class='ocrx_word' id='word_1_73' title='bbox 1388 872 1608 909; x_wconf 89' lang='lat' dir='ltr'><strong>verentur.</strong></span> 
     </span>
     <span class='ocr_line' id='line_1_11' title="bbox 127 933 1675 977; baseline -0.001 -1"><span class='ocrx_word' id='word_1_74' title='bbox 127 933 220 976; x_wconf 78' lang='lat' dir='ltr'><strong>Sed</strong></span> <span class='ocrx_word' id='word_1_75' title='bbox 268 934 390 975; x_wconf 87' lang='lat' dir='ltr'><strong>nimis</strong></span> <span class='ocrx_word' id='word_1_76' title='bbox 437 934 519 976; x_wconf 86' lang='lat' dir='ltr'><strong>cito</strong></span> <span class='ocrx_word' id='word_1_77' title='bbox 566 933 621 976; x_wconf 91' lang='lat' dir='ltr'><strong>de</strong></span> <span class='ocrx_word' id='word_1_78' title='bbox 665 933 841 975; x_wconf 86' lang='lat' dir='ltr'><strong>suturis:</strong></span> <span class='ocrx_word' id='word_1_79' title='bbox 888 936 1056 977; x_wconf 88' lang='lat' dir='ltr'><strong>interim</strong></span> <span class='ocrx_word' id='word_1_80' title='bbox 1104 934 1308 976; x_wconf 80' lang='lat' dir='ltr'><strong>beneficio</strong></span> <span class='ocrx_word' id='word_1_81' title='bbox 1354 934 1608 976; x_wconf 86' lang='lat' dir='ltr'><strong>tabellarum</strong></span> <span class='ocrx_word' id='word_1_82' title='bbox 1650 941 1675 975; x_wconf 78' lang='grc'><strong>9</strong></span> 
     </span>
     <span class='ocr_line' id='line_1_12' title="bbox 124 1000 1610 1056; baseline 0.001 -15"><span class='ocrx_word' id='word_1_83' title='bbox 124 1000 371 1042; x_wconf 79' lang='lat' dir='ltr'><strong>habebimus</strong></span> <span class='ocrx_word' id='word_1_84' title='bbox 406 1002 696 1056; x_wconf 81' lang='lat' dir='ltr'><strong>magistratuS,</strong></span> <span class='ocrx_word' id='word_1_85' title='bbox 735 1002 804 1056; x_wconf 92' lang='lat' dir='ltr'><strong>qui</strong></span> <span class='ocrx_word' id='word_1_86' title='bbox 841 1001 1025 1044; x_wconf 79' lang='lat' dir='ltr'><strong>maxime</strong></span> <span class='ocrx_word' id='word_1_87' title='bbox 1059 1001 1150 1043; x_wconf 84' lang='lat' dir='ltr'><strong>fieri</strong></span> <span class='ocrx_word' id='word_1_88' title='bbox 1173 1000 1427 1044; x_wconf 88' lang='lat' dir='ltr'><strong>debuerunt.</strong></span> <span class='ocrx_word' id='word_1_89' title='bbox 1497 1002 1610 1043; x_wconf 84' lang='lat' dir='ltr'><strong>Nam</strong></span> 
     </span>
     <span class='ocr_line' id='line_1_13' title="bbox 100 1066 1608 1124; baseline 0.001 -16"><span class='ocrx_word' id='word_1_90' title='bbox 100 1072 169 1114; x_wconf 20' lang='lat' dir='ltr'><strong>*ut</strong></span> <span class='ocrx_word' id='word_1_91' title='bbox 204 1068 247 1108; x_wconf 91' lang='lat' dir='ltr'><strong>in</strong></span> <span class='ocrx_word' id='word_1_92' title='bbox 283 1068 619 1122; x_wconf 68' lang='lat' dir='ltr'><strong>recuperator-iis</strong></span> <span class='ocrx_word' id='word_1_93' title='bbox 646 1066 838 1124; x_wconf 82' lang='lat' dir='ltr'><strong>judiciis,</strong></span> <span class='ocrx_word' id='word_1_94' title='bbox 877 1069 939 1109; x_wconf 88' lang='lat' dir='ltr'><strong>sic</strong></span> <span class='ocrx_word' id='word_1_95' title='bbox 975 1082 1056 1110; x_wconf 89' lang='lat' dir='ltr'><strong>nos</strong></span> <span class='ocrx_word' id='word_1_96' title='bbox 1092 1069 1132 1110; x_wconf 93' lang='lat' dir='ltr'><strong>in</strong></span> <span class='ocrx_word' id='word_1_97' title='bbox 1156 1068 1222 1109; x_wconf 88' lang='lat' dir='ltr'><strong>his</strong></span> <span class='ocrx_word' id='word_1_98' title='bbox 1250 1069 1445 1120; x_wconf 87' lang='lat' dir='ltr'><strong>comitiis,</strong></span> <span class='ocrx_word' id='word_1_99' title='bbox 1482 1070 1608 1124; x_wconf 82' lang='lat' dir='ltr'><strong>quasi</strong></span> 
     </span>
     <span class='ocr_line' id='line_1_14' title="bbox 120 1134 1673 1189; baseline 0.001 -14"><span class='ocrx_word' id='word_1_100' title='bbox 120 1138 300 1189; x_wconf 88' lang='lat' dir='ltr'><strong>repente</strong></span> <span class='ocrx_word' id='word_1_101' title='bbox 344 1134 630 1188; x_wconf 69' lang='lat' dir='ltr'><strong>apprehensi,</strong></span> <span class='ocrx_word' id='word_1_102' title='bbox 690 1134 847 1176; x_wconf 81' lang='lat' dir='ltr'><strong>sinceri</strong></span> <span class='ocrx_word' id='word_1_103' title='bbox 886 1134 1063 1189; x_wconf 80' lang='lat' dir='ltr'><strong>Judices</strong></span> <span class='ocrx_word' id='word_1_104' title='bbox 1108 1135 1279 1176; x_wconf 83' lang='lat' dir='ltr'><strong>fuimus.</strong></span> <span class='ocrx_word' id='word_1_105' title='bbox 1360 1135 1485 1177; x_wconf 89' lang='lat' dir='ltr'><strong>Haec</strong></span> <span class='ocrx_word' id='word_1_106' title='bbox 1533 1135 1607 1177; x_wconf 88' lang='lat' dir='ltr'><strong>tibi</strong></span> <span class='ocrx_word' id='word_1_107' title='bbox 1627 1135 1673 1170; x_wconf 79' lang='lat'><strong>1⁰</strong></span> 
     </span>
     <span class='ocr_line' id='line_1_15' title="bbox 119 1200 1606 1256; baseline -0.001 -13"><span class='ocrx_word' id='word_1_108' title='bbox 119 1201 287 1256; x_wconf 80' lang='lat' dir='ltr'><strong>scripsi,</strong></span> <span class='ocrx_word' id='word_1_109' title='bbox 324 1200 502 1255; x_wconf 89' lang='lat' dir='ltr'><strong>primum</strong></span> <span class='ocrx_word' id='word_1_110' title='bbox 538 1206 583 1242; x_wconf 89' lang='lat' dir='ltr'><strong>ut</strong></span> <span class='ocrx_word' id='word_1_111' title='bbox 619 1200 782 1255; x_wconf 87' lang='lat' dir='ltr'><strong>aliquid</strong></span> <span class='ocrx_word' id='word_1_112' title='bbox 818 1202 918 1244; x_wconf 90' lang='lat' dir='ltr'><strong>novi</strong></span> <span class='ocrx_word' id='word_1_113' title='bbox 941 1203 1187 1255; x_wconf 76' lang='lat' dir='ltr'><strong>scriberem,</strong></span> <span class='ocrx_word' id='word_1_114' title='bbox 1223 1200 1381 1243; x_wconf 91' lang='lat' dir='ltr'><strong>deinde</strong></span> <span class='ocrx_word' id='word_1_115' title='bbox 1416 1206 1461 1243; x_wconf 86' lang='lat' dir='ltr'><strong>ut</strong></span> <span class='ocrx_word' id='word_1_116' title='bbox 1497 1214 1606 1242; x_wconf 90' lang='lat' dir='ltr'><strong>non-</strong></span> 
     </span>
     <span class='ocr_line' id='line_1_16' title="bbox 118 1266 1604 1324; baseline -0.001 -14"><span class='ocrx_word' id='word_1_117' title='bbox 118 1280 330 1323; x_wconf 86' lang='lat' dir='ltr'><strong>nunquam</strong></span> <span class='ocrx_word' id='word_1_118' title='bbox 385 1266 439 1310; x_wconf 93' lang='lat' dir='ltr'><strong>de</strong></span> <span class='ocrx_word' id='word_1_119' title='bbox 492 1267 712 1323; x_wconf 78' lang='lat' dir='ltr'><strong>republica</strong></span> <span class='ocrx_word' id='word_1_120' title='bbox 763 1268 987 1323; x_wconf 80' lang='lat' dir='ltr'><strong>loquerer,</strong></span> <span class='ocrx_word' id='word_1_121' title='bbox 1042 1271 1164 1324; x_wconf 88' lang='lat' dir='ltr'><strong>cujus</strong></span> <span class='ocrx_word' id='word_1_122' title='bbox 1211 1268 1418 1310; x_wconf 85' lang='lat' dir='ltr'><strong>materiae</strong></span> <span class='ocrx_word' id='word_1_123' title='bbox 1469 1268 1604 1320; x_wconf 80' lang='lat' dir='ltr'><strong>nobis,</strong></span> 
     </span>
     <span class='ocr_line' id='line_1_17' title="bbox 119 1334 1602 1391; baseline 0 -14"><span class='ocrx_word' id='word_1_124' title='bbox 119 1339 278 1391; x_wconf 87' lang='lat' dir='ltr'><strong>quanto</strong></span> <span class='ocrx_word' id='word_1_125' title='bbox 315 1334 466 1388; x_wconf 87' lang='lat' dir='ltr'><strong>rarior,</strong></span> <span class='ocrx_word' id='word_1_126' title='bbox 502 1347 626 1390; x_wconf 86' lang='lat' dir='ltr'><strong>quam</strong></span> <span class='ocrx_word' id='word_1_127' title='bbox 664 1334 902 1384; x_wconf 83' lang='lat' dir='ltr'><strong>veteribus,</strong></span> <span class='ocrx_word' id='word_1_128' title='bbox 939 1337 1123 1389; x_wconf 88' lang='lat' dir='ltr'><strong>occasio,</strong></span> <span class='ocrx_word' id='word_1_129' title='bbox 1161 1339 1278 1378; x_wconf 86' lang='lat' dir='ltr'><strong>tanto</strong></span> <span class='ocrx_word' id='word_1_130' title='bbox 1314 1336 1450 1377; x_wconf 88' lang='lat' dir='ltr'><strong>minus</strong></span> <span class='ocrx_word' id='word_1_131' title='bbox 1482 1337 1602 1378; x_wconf 85' lang='lat' dir='ltr'><strong>omit-</strong></span> 
     </span>
     <span class='ocr_line' id='line_1_18' title="bbox 118 1401 1670 1460; baseline 0.001 -17"><span class='ocrx_word' id='word_1_132' title='bbox 118 1401 247 1445; x_wconf 88' lang='lat' dir='ltr'><strong>tenda</strong></span> <span class='ocrx_word' id='word_1_133' title='bbox 291 1406 373 1445; x_wconf 85' lang='lat' dir='ltr'><strong>est.</strong></span> <span class='ocrx_word' id='word_1_134' title='bbox 452 1401 511 1444; x_wconf 83' lang='lat' dir='ltr'><strong>Et</strong></span> <span class='ocrx_word' id='word_1_135' title='bbox 553 1402 729 1444; x_wconf 87' lang='lat' dir='ltr'><strong>hercule</strong></span> <span class='ocrx_word' id='word_1_136' title='bbox 773 1415 997 1459; x_wconf 87' lang='lat' dir='ltr'><strong>quousque</strong></span> <span class='ocrx_word' id='word_1_137' title='bbox 1041 1403 1114 1445; x_wconf 88' lang='lat' dir='ltr'><strong>illa</strong></span> <span class='ocrx_word' id='word_1_138' title='bbox 1158 1402 1379 1458; x_wconf 84' lang='lat' dir='ltr'><strong>vulgaria:</strong></span> <span class='ocrx_word' id='word_1_139' title='bbox 1457 1401 1670 1460; x_wconf 84' lang='lat' dir='ltr'><strong>„Eho,1l</strong></span> 
     </span>
     <span class='ocr_line' id='line_1_19' title="bbox 119 1466 1605 1525; baseline 0.001 -16"><span class='ocrx_word' id='word_1_140' title='bbox 119 1469 219 1525; x_wconf 84' lang='lat' dir='ltr'><strong>quid</strong></span> <span class='ocrx_word' id='word_1_141' title='bbox 256 1466 387 1525; x_wconf 68' lang='lat' dir='ltr'><strong>agis?</strong></span> <span class='ocrx_word' id='word_1_142' title='bbox 457 1468 627 1524; x_wconf 89' lang='lat' dir='ltr'><strong>Ecquid</strong></span> <span class='ocrx_word' id='word_1_143' title='bbox 664 1469 882 1512; x_wconf 84' lang='lat' dir='ltr'><strong>commode</strong></span> <span class='ocrx_word' id='word_1_144' title='bbox 918 1466 1120 1514; x_wconf 70' lang='lat' dir='ltr'><strong>vales?“</strong></span> <span class='ocrx_word' id='word_1_145' title='bbox 1188 1470 1392 1512; x_wconf 87' lang='lat' dir='ltr'><strong>Habeant</strong></span> <span class='ocrx_word' id='word_1_146' title='bbox 1426 1474 1605 1519; x_wconf 79' lang='lat' dir='ltr'><strong>nostrae</strong></span> 
     </span>
     <span class='ocr_line' id='line_1_20' title="bbox 118 1535 1602 1593; baseline 0.003 -18"><span class='ocrx_word' id='word_1_147' title='bbox 118 1548 288 1592; x_wconf 83' lang='lat' dir='ltr'><strong>quoque</strong></span> <span class='ocrx_word' id='word_1_148' title='bbox 324 1537 476 1578; x_wconf 85' lang='lat' dir='ltr'><strong>literae</strong></span> <span class='ocrx_word' id='word_1_149' title='bbox 510 1535 669 1591; x_wconf 85' lang='lat' dir='ltr'><strong>aliquid</strong></span> <span class='ocrx_word' id='word_1_150' title='bbox 708 1549 791 1578; x_wconf 87' lang='lat' dir='ltr'><strong>non</strong></span> <span class='ocrx_word' id='word_1_151' title='bbox 827 1536 1001 1590; x_wconf 85' lang='lat' dir='ltr'><strong>humile,</strong></span> <span class='ocrx_word' id='word_1_152' title='bbox 1036 1551 1117 1581; x_wconf 88' lang='lat' dir='ltr'><strong>nec</strong></span> <span class='ocrx_word' id='word_1_153' title='bbox 1139 1536 1372 1593; x_wconf 86' lang='lat' dir='ltr'><strong>sordidum,</strong></span> <span class='ocrx_word' id='word_1_154' title='bbox 1411 1550 1490 1581; x_wconf 93' lang='lat' dir='ltr'><strong>nec</strong></span> <span class='ocrx_word' id='word_1_155' title='bbox 1512 1539 1602 1593; x_wconf 88' lang='lat' dir='ltr'><strong>pri-</strong></span> 
     </span>
    </p>
   </div>
   <div class='ocr_carea' id='block_1_3' title="bbox 117 1738 1599 1836">
    <p class='ocr_par' dir='ltr' id='par_1_3' title="bbox 117 1738 1599 1836">
     <span class='ocr_line' id='line_1_21' title="bbox 205 1738 1599 1780; baseline 0.001 -12"><span class='ocrx_word' id='word_1_156' title='bbox 205 1739 238 1768; x_wconf 83' lang='lat'><strong>6.</strong></span> <span class='ocrx_word' id='word_1_157' title='bbox 261 1738 434 1778; x_wconf 67' lang='lat' dir='ltr'><strong>gli-avitas</strong></span> <span class='ocrx_word' id='word_1_158' title='bbox 458 1739 647 1775; x_wconf 78' lang='lat' dir='ltr'><strong>censorin]</strong></span> <span class='ocrx_word' id='word_1_159' title='bbox 675 1739 739 1771; x_wconf 82' lang='lat' dir='ltr'><strong>Die</strong></span> <span class='ocrx_word' id='word_1_160' title='bbox 749 1740 903 1780; x_wconf 76' lang='lat' dir='ltr'><strong>Sti-enge</strong></span> <span class='ocrx_word' id='word_1_161' title='bbox 927 1740 989 1772; x_wconf 90' lang='lat' dir='ltr'><strong>der</strong></span> <span class='ocrx_word' id='word_1_162' title='bbox 1002 1738 1186 1772; x_wconf 86' lang='lat' dir='ltr'><strong>Censoren</strong></span> <span class='ocrx_word' id='word_1_163' title='bbox 1212 1746 1293 1770; x_wconf 83' lang='lat' dir='ltr'><strong>war</strong></span> <span class='ocrx_word' id='word_1_164' title='bbox 1316 1738 1599 1779; x_wconf 71' lang='lat' dir='ltr'><strong>spricliwiirllicli</strong></span> 
     </span>
     <span class='ocr_line' id='line_1_22' title="bbox 117 1793 644 1836; baseline -0.004 -10"><span class='ocrx_word' id='word_1_165' title='bbox 117 1795 325 1836; x_wconf 61' lang='lat' dir='ltr'><strong>geu-orden,</strong></span> <span class='ocrx_word' id='word_1_166' title='bbox 349 1794 448 1826; x_wconf 80' lang='lat' dir='ltr'><strong>Flor.</strong></span> <span class='ocrx_word' id='word_1_167' title='bbox 475 1794 506 1833; x_wconf 87' lang='lat'><strong>1,</strong></span> <span class='ocrx_word' id='word_1_168' title='bbox 532 1793 589 1833; x_wconf 81' lang='lat'><strong>18,</strong></span> <span class='ocrx_word' id='word_1_169' title='bbox 612 1793 644 1825; x_wconf 79' lang='lat'><strong>2.</strong></span> 
     </span>
    </p>
   </div>
   <div class='ocr_carea' id='block_1_4' title="bbox 115 1882 1602 2147">
    <p class='ocr_par' dir='ltr' id='par_1_4' title="bbox 115 1882 1602 2147">
     <span class='ocr_line' id='line_1_23' title="bbox 202 1882 1602 1924; baseline -0.001 -9"><span class='ocrx_word' id='word_1_170' title='bbox 202 1885 236 1915; x_wconf 80' lang='lat'><strong>‘7-</strong></span> <span class='ocrx_word' id='word_1_171' title='bbox 263 1883 365 1923; x_wconf 81' lang='lat' dir='ltr'><strong>Quae</strong></span> <span class='ocrx_word' id='word_1_172' title='bbox 388 1900 431 1906; x_wconf 84' lang='lat'>—</span> <span class='ocrx_word' id='word_1_173' title='bbox 457 1882 776 1919; x_wconf 63' lang='lat' dir='ltr'><strong>(leonem-remum]</strong></span> <span class='ocrx_word' id='word_1_174' title='bbox 795 1884 884 1915; x_wconf 82' lang='lat' dir='ltr'><strong>Eine</strong></span> <span class='ocrx_word' id='word_1_175' title='bbox 897 1883 1077 1916; x_wconf 83' lang='lat' dir='ltr'><strong>bekannte</strong></span> <span class='ocrx_word' id='word_1_176' title='bbox 1091 1884 1211 1924; x_wconf 75' lang='lat' dir='ltr'><strong>Figur,</strong></span> <span class='ocrx_word' id='word_1_177' title='bbox 1234 1885 1322 1915; x_wconf 84' lang='lat' dir='ltr'><strong>nach</strong></span> <span class='ocrx_word' id='word_1_178' title='bbox 1347 1884 1511 1915; x_wconf 85' lang='lat' dir='ltr'><strong>welcher</strong></span> <span class='ocrx_word' id='word_1_179' title='bbox 1524 1884 1602 1914; x_wconf 87' lang='lat' dir='ltr'><strong>dem</strong></span> 
     </span>
     <span class='ocr_line' id='line_1_24' title="bbox 115 1937 1602 1981; baseline -0.001 -10"><span class='ocrx_word' id='word_1_180' title='bbox 115 1939 280 1971; x_wconf 71' lang='lat' dir='ltr'><strong>Priidicat</strong></span> <span class='ocrx_word' id='word_1_181' title='bbox 303 1941 384 1971; x_wconf 88' lang='lat' dir='ltr'><strong>eine</strong></span> <span class='ocrx_word' id='word_1_182' title='bbox 408 1938 613 1979; x_wconf 76' lang='lat' dir='ltr'><strong>Thiitigkeit.</strong></span> <span class='ocrx_word' id='word_1_183' title='bbox 636 1939 811 1979; x_wconf 78' lang='lat' dir='ltr'><strong>beigelegt</strong></span> <span class='ocrx_word' id='word_1_184' title='bbox 835 1939 940 1980; x_wconf 71' lang='lat' dir='ltr'><strong>wir-d,</strong></span> <span class='ocrx_word' id='word_1_185' title='bbox 966 1940 1022 1970; x_wconf 81' lang='lat' dir='ltr'><strong>die</strong></span> <span class='ocrx_word' id='word_1_186' title='bbox 1046 1940 1161 1971; x_wconf 85' lang='lat' dir='ltr'><strong>eiuem</strong></span> <span class='ocrx_word' id='word_1_187' title='bbox 1181 1937 1324 1981; x_wconf 77' lang='lat' dir='ltr'><strong>subject</strong></span> <span class='ocrx_word' id='word_1_188' title='bbox 1349 1938 1514 1979; x_wconf 52' lang='lat' dir='ltr'><strong>zukiimffi</strong></span> <span class='ocrx_word' id='word_1_189' title='bbox 1539 1940 1602 1970; x_wconf 80' lang='lat' dir='ltr'><strong>das</strong></span> 
     </span>
     <span class='ocr_line' id='line_1_25' title="bbox 115 1993 1601 2037; baseline -0.001 -10"><span class='ocrx_word' id='word_1_190' title='bbox 115 2004 198 2027; x_wconf 81' lang='lat' dir='ltr'><strong>man</strong></span> <span class='ocrx_word' id='word_1_191' title='bbox 222 1995 470 2026; x_wconf 81' lang='lat' dir='ltr'><strong>hinzudenken</strong></span> <span class='ocrx_word' id='word_1_192' title='bbox 493 2004 598 2025; x_wconf 77' lang='lat' dir='ltr'><strong>muss.</strong></span> <span class='ocrx_word' id='word_1_193' title='bbox 649 1996 751 2026; x_wconf 87' lang='lat' dir='ltr'><strong>Sinn:</strong></span> <span class='ocrx_word' id='word_1_194' title='bbox 776 1995 832 2026; x_wconf 89' lang='lat' dir='ltr'><strong>die</strong></span> <span class='ocrx_word' id='word_1_195' title='bbox 854 1996 1046 2027; x_wconf 83' lang='lat' dir='ltr'><strong>Menschen</strong></span> <span class='ocrx_word' id='word_1_196' title='bbox 1072 1995 1194 2034; x_wconf 83' lang='lat' dir='ltr'><strong>haben,</strong></span> <span class='ocrx_word' id='word_1_197' title='bbox 1220 1994 1264 2026; x_wconf 83' lang='lat' dir='ltr'><strong>da</strong></span> <span class='ocrx_word' id='word_1_198' title='bbox 1283 1993 1388 2037; x_wconf 87' lang='lat' dir='ltr'><strong>jenes</strong></span> <span class='ocrx_word' id='word_1_199' title='bbox 1402 1995 1601 2026; x_wconf 79' lang='lat' dir='ltr'><strong>Versahreu</strong></span> 
     </span>
     <span class='ocr_line' id='line_1_26' title="bbox 115 2050 1599 2092; baseline 0 -11"><span class='ocrx_word' id='word_1_200' title='bbox 115 2052 222 2082; x_wconf 87' lang='lat' dir='ltr'><strong>durch</strong></span> <span class='ocrx_word' id='word_1_201' title='bbox 247 2059 504 2091; x_wconf 83' lang='lat' dir='ltr'><strong>ungemessene</strong></span> <span class='ocrx_word' id='word_1_202' title='bbox 528 2050 641 2081; x_wconf 77' lang='lat' dir='ltr'><strong>Guust</strong></span> <span class='ocrx_word' id='word_1_203' title='bbox 665 2052 745 2081; x_wconf 90' lang='lat' dir='ltr'><strong>eine</strong></span> <span class='ocrx_word' id='word_1_204' title='bbox 769 2051 994 2082; x_wconf 85' lang='lat' dir='ltr'><strong>schlimmere</strong></span> <span class='ocrx_word' id='word_1_205' title='bbox 1011 2052 1109 2082; x_wconf 81' lang='lat' dir='ltr'><strong>Seite</strong></span> <span class='ocrx_word' id='word_1_206' title='bbox 1133 2058 1301 2092; x_wconf 83' lang='lat' dir='ltr'><strong>gewann‚</strong></span> <span class='ocrx_word' id='word_1_207' title='bbox 1326 2060 1370 2082; x_wconf 88' lang='lat' dir='ltr'><strong>zu</strong></span> <span class='ocrx_word' id='word_1_208' title='bbox 1394 2051 1459 2083; x_wconf 88' lang='lat' dir='ltr'><strong>der</strong></span> <span class='ocrx_word' id='word_1_209' title='bbox 1482 2051 1599 2084; x_wconf 82' lang='lat' dir='ltr'><strong>stillen</strong></span> 
     </span>
     <span class='ocr_line' id='line_1_27' title="bbox 116 2106 1396 2147; baseline 0.001 -10"><span class='ocrx_word' id='word_1_210' title='bbox 116 2107 371 2145; x_wconf 67' lang='lat' dir='ltr'><strong>Abstimmuug‚</strong></span> <span class='ocrx_word' id='word_1_211' title='bbox 395 2107 448 2137; x_wconf 83' lang='lat' dir='ltr'><strong>als</strong></span> <span class='ocrx_word' id='word_1_212' title='bbox 473 2108 586 2137; x_wconf 86' lang='lat' dir='ltr'><strong>einem</strong></span> <span class='ocrx_word' id='word_1_213' title='bbox 612 2106 864 2146; x_wconf 82' lang='lat' dir='ltr'><strong>Gegenmittel‚</strong></span> <span class='ocrx_word' id='word_1_214' title='bbox 888 2106 965 2136; x_wconf 82' lang='lat' dir='ltr'><strong>ihre</strong></span> <span class='ocrx_word' id='word_1_215' title='bbox 988 2106 1149 2136; x_wconf 75' lang='lat' dir='ltr'><strong>Zuflucht</strong></span> <span class='ocrx_word' id='word_1_216' title='bbox 1170 2114 1396 2147; x_wconf 84' lang='lat' dir='ltr'><strong>genommen.</strong></span> 
     </span>
    </p>
   </div>
   <div class='ocr_carea' id='block_1_5' title="bbox 201 2193 1432 2235">
    <p class='ocr_par' dir='ltr' id='par_1_5' title="bbox 201 2193 1432 2235">
     <span class='ocr_line' id='line_1_28' title="bbox 201 2193 1432 2235; baseline 0 -8"><span class='ocrx_word' id='word_1_217' title='bbox 201 2197 233 2227; x_wconf 82' lang='lat'><strong>8.</strong></span> <span class='ocrx_word' id='word_1_218' title='bbox 259 2196 354 2228; x_wconf 72' lang='lat' dir='ltr'><strong>vilia</strong></span> <span class='ocrx_word' id='word_1_219' title='bbox 378 2196 607 2232; x_wconf 78' lang='lat' dir='ltr'><strong>nascantur]</strong></span> <span class='ocrx_word' id='word_1_220' title='bbox 633 2195 738 2226; x_wconf 85' lang='lat' dir='ltr'><strong>Diess</strong></span> <span class='ocrx_word' id='word_1_221' title='bbox 764 2194 841 2226; x_wconf 84' lang='lat' dir='ltr'><strong>traf</strong></span> <span class='ocrx_word' id='word_1_222' title='bbox 861 2195 952 2226; x_wconf 83' lang='lat' dir='ltr'><strong>auch</strong></span> <span class='ocrx_word' id='word_1_223' title='bbox 977 2194 1144 2226; x_wconf 86' lang='lat' dir='ltr'><strong>wirklich</strong></span> <span class='ocrx_word' id='word_1_224' title='bbox 1168 2195 1239 2235; x_wconf 83' lang='lat' dir='ltr'><strong>ein,</strong></span> <span class='ocrx_word' id='word_1_225' title='bbox 1263 2203 1293 2225; x_wconf 85' lang='lat' dir='ltr'><strong>s.</strong></span> <span class='ocrx_word' id='word_1_226' title='bbox 1316 2193 1354 2234; x_wconf 87' lang='lat'><strong>4,</strong></span> <span class='ocrx_word' id='word_1_227' title='bbox 1376 2195 1432 2227; x_wconf 75' lang='lat'><strong>25.</strong></span> 
     </span>
    </p>
   </div>
   <div class='ocr_carea' id='block_1_6' title="bbox 111 2260 1598 2743">
    <p class='ocr_par' dir='ltr' id='par_1_6' title="bbox 111 2260 1598 2743">
     <span class='ocr_line' id='line_1_29' title="bbox 203 2260 1598 2304; baseline -0.001 -11"><span class='ocrx_word' id='word_1_228' title='bbox 203 2264 235 2293; x_wconf 88' lang='grc'><strong>9.</strong></span> <span class='ocrx_word' id='word_1_229' title='bbox 255 2262 562 2304; x_wconf 78' lang='lat' dir='ltr'><strong>recuperatores]</strong></span> <span class='ocrx_word' id='word_1_230' title='bbox 588 2264 730 2294; x_wconf 84' lang='lat' dir='ltr'><strong>hiessen</strong></span> <span class='ocrx_word' id='word_1_231' title='bbox 744 2260 994 2303; x_wconf 81' lang='lat' dir='ltr'><strong>urspriiuglich</strong></span> <span class='ocrx_word' id='word_1_232' title='bbox 1017 2262 1054 2293; x_wconf 84' lang='lat' dir='ltr'><strong>in</strong></span> <span class='ocrx_word' id='word_1_233' title='bbox 1066 2262 1157 2292; x_wconf 90' lang='lat' dir='ltr'><strong>Rom</strong></span> <span class='ocrx_word' id='word_1_234' title='bbox 1181 2262 1236 2293; x_wconf 88' lang='lat' dir='ltr'><strong>die</strong></span> <span class='ocrx_word' id='word_1_235' title='bbox 1263 2260 1434 2301; x_wconf 71' lang='lat' dir='ltr'><strong>neminie,</strong></span> <span class='ocrx_word' id='word_1_236' title='bbox 1459 2260 1598 2292; x_wconf 84' lang='lat' dir='ltr'><strong>welche</strong></span> 
     </span>
     <span class='ocr_line' id='line_1_30' title="bbox 114 2317 1597 2359; baseline 0 -12"><span class='ocrx_word' id='word_1_237' title='bbox 114 2318 382 2359; x_wconf 63' lang='lat' dir='ltr'><strong>Streitigkeiten</strong></span> <span class='ocrx_word' id='word_1_238' title='bbox 422 2320 605 2349; x_wconf 85' lang='lat' dir='ltr'><strong>zwischen</strong></span> <span class='ocrx_word' id='word_1_239' title='bbox 648 2319 736 2349; x_wconf 68' lang='lat' dir='ltr'><strong>rom-</strong></span> <span class='ocrx_word' id='word_1_240' title='bbox 770 2317 931 2359; x_wconf 86' lang='lat' dir='ltr'><strong>Biirgeru</strong></span> <span class='ocrx_word' id='word_1_241' title='bbox 971 2317 1038 2348; x_wconf 89' lang='lat' dir='ltr'><strong>und</strong></span> <span class='ocrx_word' id='word_1_242' title='bbox 1076 2317 1252 2349; x_wconf 82' lang='lat' dir='ltr'><strong>Freinden</strong></span> <span class='ocrx_word' id='word_1_243' title='bbox 1292 2317 1505 2349; x_wconf 81' lang='lat' dir='ltr'><strong>namentlich</strong></span> <span class='ocrx_word' id='word_1_244' title='bbox 1543 2317 1597 2347; x_wconf 88' lang='lat' dir='ltr'><strong>bei</strong></span> 
     </span>
     <span class='ocr_line' id='line_1_31' title="bbox 111 2371 1598 2415; baseline -0.001 -11"><span class='ocrx_word' id='word_1_245' title='bbox 111 2374 249 2414; x_wconf 83' lang='lat' dir='ltr'><strong>Klagen</strong></span> <span class='ocrx_word' id='word_1_246' title='bbox 275 2373 338 2405; x_wconf 83' lang='lat' dir='ltr'><strong>auf</strong></span> <span class='ocrx_word' id='word_1_247' title='bbox 357 2375 484 2406; x_wconf 77' lang='lat' dir='ltr'><strong>Ersatz</strong></span> <span class='ocrx_word' id='word_1_248' title='bbox 509 2375 596 2405; x_wconf 88' lang='lat' dir='ltr'><strong>oder</strong></span> <span class='ocrx_word' id='word_1_249' title='bbox 618 2373 910 2415; x_wconf 68' lang='lat' dir='ltr'><strong>Entschiidigung</strong></span> <span class='ocrx_word' id='word_1_250' title='bbox 935 2381 979 2404; x_wconf 90' lang='lat' dir='ltr'><strong>zu</strong></span> <span class='ocrx_word' id='word_1_251' title='bbox 1003 2373 1233 2404; x_wconf 84' lang='lat' dir='ltr'><strong>entscheideu</strong></span> <span class='ocrx_word' id='word_1_252' title='bbox 1258 2373 1364 2404; x_wconf 76' lang='lat' dir='ltr'><strong>hatte.</strong></span> <span class='ocrx_word' id='word_1_253' title='bbox 1413 2372 1488 2403; x_wconf 85' lang='lat' dir='ltr'><strong>Das</strong></span> <span class='ocrx_word' id='word_1_254' title='bbox 1505 2371 1598 2402; x_wconf 88' lang='lat' dir='ltr'><strong>Ver-</strong></span> 
     </span>
     <span class='ocr_line' id='line_1_32' title="bbox 112 2427 1595 2467; baseline -0.001 -9"><span class='ocrx_word' id='word_1_255' title='bbox 112 2429 233 2460; x_wconf 74' lang='lat' dir='ltr'><strong>fuhren</strong></span> <span class='ocrx_word' id='word_1_256' title='bbox 270 2437 350 2459; x_wconf 84' lang='lat' dir='ltr'><strong>war</strong></span> <span class='ocrx_word' id='word_1_257' title='bbox 382 2430 457 2460; x_wconf 86' lang='lat' dir='ltr'><strong>hier</strong></span> <span class='ocrx_word' id='word_1_258' title='bbox 480 2430 709 2460; x_wconf 83' lang='lat' dir='ltr'><strong>summarisch</strong></span> <span class='ocrx_word' id='word_1_259' title='bbox 735 2430 804 2460; x_wconf 88' lang='lat' dir='ltr'><strong>und</strong></span> <span class='ocrx_word' id='word_1_260' title='bbox 829 2429 892 2460; x_wconf 86' lang='lat' dir='ltr'><strong>der</strong></span> <span class='ocrx_word' id='word_1_261' title='bbox 916 2429 1071 2459; x_wconf 81' lang='lat' dir='ltr'><strong>process</strong></span> <span class='ocrx_word' id='word_1_262' title='bbox 1096 2428 1222 2459; x_wconf 83' lang='lat' dir='ltr'><strong>wurde</strong></span> <span class='ocrx_word' id='word_1_263' title='bbox 1253 2427 1391 2458; x_wconf 85' lang='lat' dir='ltr'><strong>schuell</strong></span> <span class='ocrx_word' id='word_1_264' title='bbox 1421 2427 1595 2467; x_wconf 82' lang='lat' dir='ltr'><strong>beendigt.</strong></span> 
     </span>
     <span class='ocr_line' id='line_1_33' title="bbox 112 2480 1597 2524; baseline -0.001 -10"><span class='ocrx_word' id='word_1_265' title='bbox 112 2483 212 2515; x_wconf 85' lang='lat' dir='ltr'><strong>Nach</strong></span> <span class='ocrx_word' id='word_1_266' title='bbox 243 2484 320 2514; x_wconf 90' lang='lat' dir='ltr'><strong>dem</strong></span> <span class='ocrx_word' id='word_1_267' title='bbox 344 2484 491 2515; x_wconf 74' lang='lat' dir='ltr'><strong>Vorbild</strong></span> <span class='ocrx_word' id='word_1_268' title='bbox 525 2485 642 2515; x_wconf 85' lang='lat' dir='ltr'><strong>dieser</strong></span> <span class='ocrx_word' id='word_1_269' title='bbox 676 2484 908 2524; x_wconf 81' lang='lat' dir='ltr'><strong>Einrichtuug</strong></span> <span class='ocrx_word' id='word_1_270' title='bbox 937 2483 1020 2514; x_wconf 86' lang='lat' dir='ltr'><strong>kam</strong></span> <span class='ocrx_word' id='word_1_271' title='bbox 1052 2491 1092 2513; x_wconf 88' lang='lat' dir='ltr'><strong>es</strong></span> <span class='ocrx_word' id='word_1_272' title='bbox 1126 2484 1180 2513; x_wconf 91' lang='lat' dir='ltr'><strong>bei</strong></span> <span class='ocrx_word' id='word_1_273' title='bbox 1217 2483 1283 2512; x_wconf 87' lang='lat' dir='ltr'><strong>den</strong></span> <span class='ocrx_word' id='word_1_274' title='bbox 1316 2480 1597 2521; x_wconf 72' lang='lat' dir='ltr'><strong>Zwistigkeiteu</strong></span> 
     </span>
     <span class='ocr_line' id='line_1_34' title="bbox 115 2536 1595 2577; baseline 0 -9"><span class='ocrx_word' id='word_1_275' title='bbox 115 2542 217 2568; x_wconf 83' lang='lat' dir='ltr'><strong>unter</strong></span> <span class='ocrx_word' id='word_1_276' title='bbox 230 2537 390 2577; x_wconf 79' lang='lat' dir='ltr'><strong>Biirgern</strong></span> <span class='ocrx_word' id='word_1_277' title='bbox 415 2539 525 2569; x_wconf 80' lang='lat' dir='ltr'><strong>selbst</strong></span> <span class='ocrx_word' id='word_1_278' title='bbox 547 2547 594 2568; x_wconf 89' lang='lat' dir='ltr'><strong>zu</strong></span> <span class='ocrx_word' id='word_1_279' title='bbox 618 2539 731 2569; x_wconf 84' lang='lat' dir='ltr'><strong>einem</strong></span> <span class='ocrx_word' id='word_1_280' title='bbox 757 2538 939 2569; x_wconf 63' lang='lat' dir='ltr'><strong>{ilinlicheu</strong></span> <span class='ocrx_word' id='word_1_281' title='bbox 964 2538 1177 2569; x_wconf 75' lang='lat' dir='ltr'><strong>Vei-fabren.</strong></span> <span class='ocrx_word' id='word_1_282' title='bbox 1226 2537 1312 2567; x_wconf 80' lang='lat' dir='ltr'><strong>Hier</strong></span> <span class='ocrx_word' id='word_1_283' title='bbox 1337 2536 1485 2568; x_wconf 79' lang='lat' dir='ltr'><strong>wurdeu</strong></span> <span class='ocrx_word' id='word_1_284' title='bbox 1510 2539 1595 2570; x_wconf 84' lang='lat' dir='ltr'><strong>auch</strong></span> 
     </span>
     <span class='ocr_line' id='line_1_35' title="bbox 113 2580 1597 2633; baseline 0.003 -12"><span class='ocrx_word' id='word_1_285' title='bbox 113 2600 158 2621; x_wconf 89' lang='lat' dir='ltr'><strong>zu</strong></span> <span class='ocrx_word' id='word_1_286' title='bbox 183 2593 404 2623; x_wconf 79' lang='lat' dir='ltr'><strong>schnellerer</strong></span> <span class='ocrx_word' id='word_1_287' title='bbox 426 2593 652 2633; x_wconf 77' lang='lat' dir='ltr'><strong>Beendigung</strong></span> <span class='ocrx_word' id='word_1_288' title='bbox 677 2596 778 2625; x_wconf 84' lang='lat' dir='ltr'><strong>einer</strong></span> <span class='ocrx_word' id='word_1_289' title='bbox 802 2580 1045 2624; x_wconf 77' lang='lat' dir='ltr'><strong>Rechtssacbe</strong></span> <span class='ocrx_word' id='word_1_290' title='bbox 1069 2599 1198 2622; x_wconf 82' lang='lat' dir='ltr'><strong>ausser</strong></span> <span class='ocrx_word' id='word_1_291' title='bbox 1222 2591 1285 2621; x_wconf 85' lang='lat' dir='ltr'><strong>der</strong></span> <span class='ocrx_word' id='word_1_292' title='bbox 1308 2593 1417 2624; x_wconf 76' lang='lat' dir='ltr'><strong>Reilie</strong></span> <span class='ocrx_word' id='word_1_293' title='bbox 1435 2593 1597 2633; x_wconf 80' lang='lat' dir='ltr'><strong>Recupe-</strong></span> 
     </span>
     <span class='ocr_line' id='line_1_36' title="bbox 114 2646 1595 2689; baseline 0.003 -13"><span class='ocrx_word' id='word_1_294' title='bbox 114 2649 262 2677; x_wconf 79' lang='lat' dir='ltr'><strong>ratoren</strong></span> <span class='ocrx_word' id='word_1_295' title='bbox 288 2650 449 2678; x_wconf 83' lang='lat' dir='ltr'><strong>ernanut.</strong></span> <span class='ocrx_word' id='word_1_296' title='bbox 497 2647 614 2678; x_wconf 83' lang='lat' dir='ltr'><strong>Daher</strong></span> <span class='ocrx_word' id='word_1_297' title='bbox 646 2648 721 2679; x_wconf 86' lang='lat' dir='ltr'><strong>hier</strong></span> <span class='ocrx_word' id='word_1_298' title='bbox 745 2648 975 2689; x_wconf 69' lang='lat' dir='ltr'><strong>apprehensi,</strong></span> <span class='ocrx_word' id='word_1_299' title='bbox 1000 2649 1079 2678; x_wconf 81' lang='lat' dir='ltr'><strong>Liv.</strong></span> <span class='ocrx_word' id='word_1_300' title='bbox 1103 2647 1160 2689; x_wconf 74' lang='lat'><strong>26,</strong></span> <span class='ocrx_word' id='word_1_301' title='bbox 1183 2646 1238 2679; x_wconf 68' lang='lat'><strong>48.</strong></span> <span class='ocrx_word' id='word_1_302' title='bbox 1284 2648 1411 2679; x_wconf 72' lang='lat' dir='ltr'><strong>Senec.</strong></span> <span class='ocrx_word' id='word_1_303' title='bbox 1437 2657 1489 2688; x_wconf 88' lang='lat' dir='ltr'><strong>ep.</strong></span> <span class='ocrx_word' id='word_1_304' title='bbox 1522 2647 1595 2680; x_wconf 85' lang='lat'>106·</span> 
     </span>
     <span class='ocr_line' id='line_1_37' title="bbox 115 2700 659 2743; baseline 0.004 -12"><span class='ocrx_word' id='word_1_305' title='bbox 115 2702 209 2732; x_wconf 65' lang='lat' dir='ltr'><strong>Suet.</strong></span> <span class='ocrx_word' id='word_1_306' title='bbox 236 2700 320 2732; x_wconf 71' lang='lat' dir='ltr'><strong>Ner.</strong></span> <span class='ocrx_word' id='word_1_307' title='bbox 353 2701 407 2733; x_wconf 80' lang='lat'><strong>17.</strong></span> <span class='ocrx_word' id='word_1_308' title='bbox 433 2702 523 2733; x_wconf 87' lang='lat' dir='ltr'><strong>Gell.</strong></span> <span class='ocrx_word' id='word_1_309' title='bbox 548 2702 604 2743; x_wconf 82' lang='lat'><strong>20,</strong></span> <span class='ocrx_word' id='word_1_310' title='bbox 627 2703 659 2733; x_wconf 91' lang='lat'><strong>1.</strong></span> 
     </span>
    </p>
   </div>
   <div class='ocr_carea' id='block_1_7' title="bbox 111 2779 1597 2931">
    <p class='ocr_par' dir='ltr' id='par_1_7' title="bbox 111 2779 1597 2931">
     <span class='ocr_line' id='line_1_38' title="bbox 198 2779 1597 2821; baseline 0.001 -12"><span class='ocrx_word' id='word_1_311' title='bbox 198 2779 352 2815; x_wconf 72' lang='lat' dir='ltr'><strong>sinceri]</strong></span> <span class='ocrx_word' id='word_1_312' title='bbox 383 2779 480 2811; x_wconf 89' lang='lat' dir='ltr'><strong>Denn</strong></span> <span class='ocrx_word' id='word_1_313' title='bbox 505 2787 753 2821; x_wconf 77' lang='lat' dir='ltr'><strong>gezwungen‚</strong></span> <span class='ocrx_word' id='word_1_314' title='bbox 785 2781 902 2813; x_wconf 84' lang='lat' dir='ltr'><strong>sofort</strong></span> <span class='ocrx_word' id='word_1_315' title='bbox 925 2779 1012 2812; x_wconf 85' lang='lat' dir='ltr'><strong>iiber</strong></span> <span class='ocrx_word' id='word_1_316' title='bbox 1036 2781 1105 2813; x_wconf 88' lang='lat' dir='ltr'><strong>den</strong></span> <span class='ocrx_word' id='word_1_317' title='bbox 1131 2784 1420 2821; x_wconf 74' lang='lat' dir='ltr'><strong>vorgetragenen</strong></span> <span class='ocrx_word' id='word_1_318' title='bbox 1446 2780 1524 2813; x_wconf 80' lang='lat' dir='ltr'><strong>Fan</strong></span> <span class='ocrx_word' id='word_1_319' title='bbox 1550 2788 1597 2812; x_wconf 89' lang='lat' dir='ltr'><strong>zu</strong></span> 
     </span>
     <span class='ocr_line' id='line_1_39' title="bbox 112 2833 1597 2877; baseline 0.001 -12"><span class='ocrx_word' id='word_1_320' title='bbox 112 2835 360 2874; x_wconf 87' lang='lat' dir='ltr'><strong>entscheiden,</strong></span> <span class='ocrx_word' id='word_1_321' title='bbox 393 2835 527 2866; x_wconf 82' lang='lat' dir='ltr'><strong>kounte</strong></span> <span class='ocrx_word' id='word_1_322' title='bbox 560 2835 666 2867; x_wconf 82' lang='lat' dir='ltr'><strong>keiue</strong></span> <span class='ocrx_word' id='word_1_323' title='bbox 701 2837 942 2877; x_wconf 76' lang='lat' dir='ltr'><strong>Bestecliung‚</strong></span> <span class='ocrx_word' id='word_1_324' title='bbox 972 2837 1078 2868; x_wconf 80' lang='lat' dir='ltr'><strong>keine</strong></span> <span class='ocrx_word' id='word_1_325' title='bbox 1103 2837 1259 2877; x_wconf 71' lang='lat' dir='ltr'><strong>lncrike,</strong></span> <span class='ocrx_word' id='word_1_326' title='bbox 1294 2833 1492 2876; x_wconf 80' lang='lat' dir='ltr'><strong>iiberhaupt</strong></span> <span class='ocrx_word' id='word_1_327' title='bbox 1516 2836 1597 2868; x_wconf 83' lang='lat' dir='ltr'><strong>keiu</strong></span> 
     </span>
     <span class='ocr_line' id='line_1_40' title="bbox 111 2890 1125 2931; baseline 0.001 -9"><span class='ocrx_word' id='word_1_328' title='bbox 111 2890 366 2931; x_wconf 75' lang='lat' dir='ltr'><strong>naclitheiliger</strong></span> <span class='ocrx_word' id='word_1_329' title='bbox 394 2892 542 2922; x_wconf 80' lang='lat' dir='ltr'><strong>Einfluss</strong></span> <span class='ocrx_word' id='word_1_330' title='bbox 569 2900 639 2923; x_wconf 87' lang='lat' dir='ltr'><strong>von</strong></span> <span class='ocrx_word' id='word_1_331' title='bbox 665 2899 796 2924; x_wconf 79' lang='lat' dir='ltr'><strong>aussen</strong></span> <span class='ocrx_word' id='word_1_332' title='bbox 823 2894 887 2925; x_wconf 83' lang='lat' dir='ltr'><strong>her</strong></span> <span class='ocrx_word' id='word_1_333' title='bbox 913 2893 1125 2925; x_wconf 72' lang='lat' dir='ltr'><strong>statifiuden.</strong></span> 
     </span>
    </p>
   </div>
  </div>
 </body>
</html>
