1855 3200
657 207 755 244 liber
786 210 957 254 ‹piat-tus.
1464 201 1533 247 22
1545 203 1566 245 1

85 326 343 369 tenerentur.
425 320 516 365 Sed
571 321 986 377 lianersententiam
1033 319 1274 378 Consules,
1325 332 1573 377 quamquam
1588 325 1640 362 21

86 391 291 435 maximae
325 389 439 446 parti
466 388 658 432 Senatus
694 391 798 433 mire
833 389 1051 446 probatur,
1087 401 1170 430 non
1207 391 1309 431 sunt
1340 389 1573 443 persecuti.

85 458 307 502 paullinus
353 462 491 500 tamen
541 462 585 500 et
620 458 821 512 Justitiae
867 457 1018 500 samam
1060 461 1104 499 et
1150 456 1420 499 constantiae
1462 456 1573 498 tulit.

83 526 219 568 Misso
256 524 425 567 Senatu
461 525 650 579 Bassus,
687 536 841 580 magna
876 525 1087 567 hominum
1124 524 1378 580 frequentia,
1416 535 1573 579 magno
1587 530 1642 568 22

86 593 287 645 clamore,
322 604 476 648 magno
512 591 669 648 gaudio
707 597 916 648 exceptus
942 597 1023 635 est.
1093 593 1280 634 Fecerat
1315 603 1410 634 eum
1445 589 1574 634 favo-

85 660 261 702 rabilem
296 664 507 702 renovata
543 659 830 701 discriminum
863 664 995 703 vetus
1025 659 1149 711 sama,
1186 663 1418 714 notumque
1454 658 1574 713 peri-

87 727 194 770 culis
239 740 411 779 nomen,
458 732 499 770 et
544 727 585 768 in
633 739 813 782 procero
855 739 1035 782 corpore
1076 729 1240 768 moesta
1287 732 1330 768 et
1376 724 1574 780 squalida

87 799 306 836 senectus.
378 794 572 836 Habebis
607 794 716 838 hanc
744 795 910 838 interim
933 794 1156 851 epistolam
1194 797 1238 836 ut
1273 786 1641 854 πρόδρομονεὲἱί

89 861 364 917 exspectabis
420 862 653 904 orationem
706 863 879 919 plenam
932 866 1237 918 onustumque:
1297 858 1575 916 exspectabis

89 926 185 969 diu:
222 942 362 985 neque
397 929 506 972 enim
541 929 700 973 leviter
735 933 779 972 et
813 930 986 989 cursim,
1023 933 1070 971 ut
1091 927 1145 971 de
1177 941 1226 971 re
1262 930 1395 982 tanta,
1431 930 1576 970 retra-

90 995 245 1037 ctanda
283 1000 365 1039 est.
437 996 561 1040 Vale.

789 1105 863 1149 X.

469 1214 522 1263 C.
560 1215 749 1264 Plinius
784 1214 969 1263 Sabino
1004 1213 1112 1262 Suo
1147 1212 1201 1261 S.

221 1319 385 1363 Scribis
421 1320 543 1378 mibi7
583 1320 812 1374 Sabinam,
859 1333 971 1377 quae
1017 1334 1096 1363 nos
1139 1320 1309 1377 reliquit
1343 1317 1573 1374 haeredes,
1616 1326 1639 1362 1

86 1387 328 1430 Modestum
363 1402 538 1431 servum
574 1402 696 1432 suum
743 1401 953 1445 nusquam
998 1388 1176 1432 liberum
1213 1401 1313 1431 esse
1353 1386 1574 1442 jussisse:

89 1453 225 1498 eidem
261 1460 417 1509 tamen,
454 1457 518 1498 sic
555 1456 844 1513 adscripsisse
879 1457 1091 1512 legatum:
1151 1454 1412 1509 „Modesto,
1449 1467 1575 1510 quem

88 1523 264 1563 liberum
300 1535 400 1564 esse
430 1524 588 1576 jussr‘.
661 1523 862 1581 Quaeris.
895 1523 994 1579 quid
1019 1517 1234 1566 sentiam?
1272 1520 1444 1564 Contuli
1480 1535 1574 1565 cum
1617 1522 1642 1560 2

88 1588 387 1644 prudentibus.
459 1588 672 1632 Convenit
708 1592 818 1632 inter
845 1603 1008 1642 omneS‚
1045 1603 1125 1632 nec
1149 1591 1386 1632 libertatem
1411 1589 1575 1640 deberi,

89 1656 186 1709 quia
223 1669 306 1697 non
343 1656 397 1697 sit
433 1655 560 1712 datag
606 1669 686 1699 nec
721 1658 932 1712 legatum,
971 1657 1068 1713 quia
1104 1669 1235 1698 servo
1271 1668 1352 1697 suo
1389 1654 1574 1698 dederit.

90 1722 180 1764 Sed
226 1722 327 1764 mibi
371 1723 623 1766 manifestus
672 1737 792 1767 error
836 1723 1033 1767 videtur:
1079 1723 1260 1779 ideoque
1295 1727 1396 1779 puto
1432 1722 1573 1779 nobis,

89 1789 215 1845 quasi
250 1790 478 1846 scripserit
513 1790 699 1844 Sabina,
742 1790 1004 1848 faciendum⁷
1051 1790 1161 1847 quod
1204 1792 1298 1846 ipsa
1343 1790 1575 1844 scripsisse

90 1870 138 1897 se
162 1855 352 1899 credidit.
424 1856 615 1910 Confido,
651 1871 927 1900 accessurum
963 1863 1006 1900 te
1043 1859 1284 1901 sententiae
1306 1869 1443 1913 meae,
1481 1869 1575 1898 cum
1615 1859 1642 1894 3

89 1924 413 1978 religiosissime
467 1926 611 1967 soleas
665 1924 880 1968 custodire
938 1925 1232 1969 defunctorum
1291 1925 1572 1979 voluntatem,

91 2003 214 2046 quam
259 1990 382 2032 bonis
429 1991 661 2034 bei-edibus
701 1993 970 2035 intellexisse
1017 2006 1093 2049 pro
1123 1994 1224 2047 jure
1259 1996 1340 2036 est.
1419 1992 1576 2047 Neque

178 2167 233 2199 21.
258 2177 329 2199 non
355 2169 445 2199 sunt
465 2169 667 2208 prins-ocuti]
687 2169 739 2198 sie
754 2167 865 2199 haben
882 2167 988 2199 keine
1002 2164 1197 2198 Riicksiclit
1212 2167 1577 2207 daraufgenommen‚

90 2226 139 2255 sie
163 2225 256 2256 nicht
281 2231 347 2255 zur
371 2224 617 2264 Abstiinmuug
641 2223 830 2264 gebraclit3
865 2225 936 2254 wir
970 2232 1082 2264 sagei]
1107 2222 1266 2255 iiliulicli:
1304 2224 1357 2255 sie
1382 2224 1496 2254 haben
1520 2223 1575 2253 ihr

92 2279 195 2311 keiue
220 2279 330 2318 Folge
354 2281 525 2321 gegeben.

178 2346 234 2376 23.
261 2348 491 2387 mrspestabis
516 2346 601 2383 ιΙὶιι]
636 2346 728 2378 ohne
762 2347 816 2387 et,
852 2347 916 2378 das
943 2354 1058 2386 gegen
1092 2345 1154 2376 das
1179 2345 1321 2376 Ansehn
1354 2345 1418 2377 der
1450 2345 1572 2377 besten

90 2401 363 2433 Handschriften
389 2404 511 2433 diesen
538 2402 693 2434 U'orten
719 2403 752 2433 in
778 2403 894 2433 vicleu
920 2402 1114 2442 Ansgabeu
1141 2401 1372 2441 vorausgelit.

180 2479 240 2511 X·
268 2480 448 2516 Sabinu-e]
476 2480 588 2520 vergl.
614 2480 645 2521 6,
672 2480 724 2511 ts.
752 2480 785 2519 9,
811 2481 844 2510 2.
872 2480 905 2520 9,
932 2479 985 2509 18.

180 2546 213 2576 2.
240 2553 323 2577 rum
346 2547 601 2585 prudentibus]
635 2546 802 2585 Ohgleieh
828 2547 892 2577 der
915 2546 1006 2576 Med.
1032 2545 1138 2583 Prag.
1164 2545 1231 2576 und
1264 2544 1345 2575 edit.
1371 2543 1470 2574 Rom.
1494 2543 1574 2574 bier

89 2601 225 2640 peritis
241 2598 345 2638 J'urc‘s
376 2601 505 2639 baben,
537 2610 577 2631 so
604 2601 697 2638 tritam
722 2603 807 2632 doch
842 2603 939 2632 diese
966 2599 1093 2631 Lesurt
1123 2607 1169 2629 zu
1205 2600 1288 2630 sehr
1320 2599 1382 2629 das
1408 2598 1572 2639 Gepriige

93 2657 194 2688 einer
217 2655 345 2686 Glosse
371 2665 413 2686 an
438 2656 532 2691 sicli,
567 2657 685 2687 zumal
710 2657 752 2686 da
776 2657 939 2687 melu-ere
965 2656 1239 2686 Handschriften
1266 2654 1386 2686 beides
1412 2655 1570 2695 zugleich

91 2711 220 2742 bieten.
267 2712 514 2752 prudentibus
531 2711 663 2742 konute
686 2711 796 2743 leiclit
819 2712 896 2743 dem
915 2710 1156 2743 Abscbreiber
1180 2712 1279 2742 einer
1301 2710 1502 2752 Erkliirung
1526 2718 1572 2741 zu

89 2764 261 2798 bedfirfen
288 2767 468 2798 scheinen.
905 2774 914 2778 ¹

179 2835 213 2865 3.
238 2833 431 2873 voluntas]
462 2831 520 2870 fiir
550 2833 822 2869 testamentum.
877 2836 976 2869 suet.
1002 2833 1078 2868 Cal.
1112 2832 1167 2867 14.
1197 2834 1346 2867 Pliaedr.
1379 2832 1415 2876 4,
1444 2831 1478 2873 4,
1513 2831 1570 2863 31.

92 2888 204 2931 vei-gl,
230 2891 284 2923 ΒΓ.
310 2891 344 2931 2,
370 2891 424 2932 16,
447 2892 480 2923 2.
