1855 3200
670 198 768 235 liber
798 198 1005 235 secundus.
1518 194 1583 239 77

95 314 220 370 Scis,
265 324 388 368 quam
434 311 491 353 sit
527 323 644 353 amor
681 313 850 368 iniquus
888 311 1124 366 interdum,
1169 312 1378 367 impotens
1432 326 1579 368 saepe.

92 376 362 441 μικραίτιος
388 392 573 435 semper.
647 379 773 422 Haec
792 384 935 422 tamen
956 391 1118 421 caussa
1137 391 1292 434 magna
1316 383 1398 434 est,
1435 382 1581 422 nescio

94 460 147 489 an
178 451 323 502 justa:
360 446 440 489 sed
476 459 574 502 ego,
611 451 821 502 tamquam
857 460 940 490 non
970 447 1107 488 minus
1136 450 1256 502 justa
1276 459 1402 503 quam
1427 459 1580 502 magna

95 516 166 569 sit,
212 515 406 570 graviter
442 515 627 569 irascor,
675 514 786 569 quod
833 527 859 556 a
901 519 943 556 te
985 519 1070 557 tam
1120 514 1192 556 diu
1235 514 1388 557 literae
1423 515 1581 556 nullae.

92 581 293 623 Exorare
329 594 395 623 me
430 585 555 636 potes
592 593 674 622 uno
710 581 849 637 modo,
888 582 928 622 si
965 595 1075 624 nunc
1112 582 1264 623 saltem
1296 582 1504 637 plurimas
1540 587 1583 624 et

92 649 367 703 longissimas
392 648 574 690 miseris.
620 647 743 690 Haec
771 648 871 690 mihi
891 649 985 690 sola
1004 650 1226 690 excusatio
1250 660 1370 704 vera,
1410 652 1585 691 ceterae

94 715 231 758 falsae
250 715 523 758 videbuntur.
593 716 691 756 Non
712 729 804 757 sum
841 714 1079 773 auditurus)
1117 728 1230 773 „non
1252 727 1369 758 eram
1388 717 1583 758 Βοιιιῆθιζ

96 782 169 824 vel
217 782 502 838 „occupatior
548 781 717 825 eram“.
789 783 899 825 Illud
948 784 1057 826 enim
1110 796 1190 826 nec
1234 782 1292 824 dii
1328 783 1488 837 sinant,
1538 788 1583 824 ut

102 847 381 902 „infirmior‘·'.
427 849 528 904 Ipse
563 849 616 890 ad
654 850 799 892 villam
834 850 987 906 partim
1018 850 1186 908 studiis,
1223 850 1375 906 partim
1412 849 1581 894 desidia

99 915 239 957 fruor:
278 928 454 971 quorum
492 920 714 972 utrumque
751 930 805 960 ex
843 917 927 959 otio
965 918 1167 959 nascitur.
1242 917 1365 960 Vale.

775 1081 896 1124 111.

467 1177 520 1225 C.
571 1178 760 1226 Plinius
796 1178 982 1242 Nepoti
1014 1177 1121 1227 Suo
1158 1178 1212 1225 S.

229 1315 387 1371 Magna
432 1315 603 1359 Isaeum
650 1315 761 1358 sama
809 1321 1138 1373 praecesserat:
1195 1319 1330 1372 major
1377 1317 1582 1360 inventus

98 1387 178 1427 est.
256 1382 432 1426 Summa
478 1387 547 1427 est
587 1383 790 1438 facultas,
836 1385 982 1440 copia,
1029 1384 1229 1427 ubertas:
1274 1384 1378 1427 dicit
1413 1397 1585 1441 semper

96 1464 149 1493 ex
186 1455 389 1508 tempore,
428 1449 739 1509 sedtamquam
775 1450 844 1493 diu
881 1453 1119 1508 scripserit.
1193 1450 1346 1495 Sermo
1367 1450 1581 1509 Graecus,

96 1636 190 1667 nicht
223 1637 293 1667 wie
325 1639 361 1668 in
394 1638 461 1669 den
485 1639 610 1670 Zeiten
643 1638 707 1669 der
737 1638 887 1670 bessem
913 1637 1082 1669 Latinitat
1114 1641 1222 1668 unter
1253 1639 1331 1669 dem
1356 1637 1486 1669 Schein
1520 1636 1583 1667 des

95 1692 267 1723 zweiseis
301 1695 381 1724 eine
406 1691 588 1734 Bejabung
619 1693 820 1734 entbalten‚
851 1694 1005 1725 sondern
1030 1694 1095 1732 ist,
1127 1693 1162 1723 in
1188 1692 1313 1724 beiden
1337 1691 1480 1731 Fauen,
1512 1693 1584 1722 wie

95 1754 158 1776 aus
182 1748 258 1778 dem
284 1748 474 1788 folgenden
498 1736 561 1780 sed
585 1750 824 1789 hervei-geht,
851 1748 928 1780 blos
953 1749 1017 1780 der
1040 1748 1224 1778 Ausdruck
1249 1750 1347 1778 eines
1371 1746 1588 1778 wirkiicheu'

95 1802 282 1840 Zweifeis‚
308 1802 373 1835 der
395 1803 534 1835 freilicb
561 1805 636 1834 hier
659 1810 728 1835 nur
752 1812 818 1836 zur
842 1803 947 1835 Folie
963 1805 1062 1835 eines
1088 1803 1249 1834 ziemlich
1267 1803 1438 1843 frostigen
1455 1803 1585 1833 Scher-

96 1865 159 1887 zes
185 1857 292 1888 dient.

184 1931 289 1955 amor
313 1925 476 1965 iniquus]
511 1925 688 1957 Derselbe
713 1925 883 1958 Gedanke
913 1926 971 1956 bei
1005 1923 1081 1956 Cic.
1106 1925 1202 1956 Fam.
1230 1925 1264 1964 ’7,
1292 1925 1350 1954 15:
1382 1931 1482 1964 quam
1514 1924 1585 1954 sint

96 1981 229 2010 morosi
256 1982 311 2019 qui
336 1983 467 2019 amant,
492 1981 550 2011 vel
575 1989 619 2011 ex
643 1981 710 2013 hoc
734 1981 883 2022 intelligi
907 1982 1039 2021 potest,

184 2046 382 2087 impotens]
410 2046 599 2086 unbiindig‚
625 2047 687 2078 der
710 2048 784 2078 sich
799 2048 912 2080 selbst
930 2046 1276 2079 nicbtbeberrschen
1291 2046 1401 2088 kann,
1424 2054 1466 2078 so
1479 2053 1585 2079 amor

95 2100 220 2132 Catuli.
246 2102 302 2141 36,
330 2102 381 2132 12.
406 2103 552 2133 animus
576 2102 657 2133 Ter.
683 2102 792 2134 Andr.
817 2103 851 2143 5,
875 2103 907 2144 3,
931 2102 964 2132 8.
990 2119 1034 2124 -

186 2169 208 2197 3
245 2169 304 2205 ut]
332 2177 382 2200 sc.
409 2169 572 2201 audium.
618 2212 621 2213 ⁷

185 2234 234 2265 ad
260 2234 404 2274 villam]
443 2236 479 2267 ln
503 2237 686 2277 gewissen
710 2236 956 2268 Redensarten
982 2236 1202 2268 bezeichnen
1237 2236 1293 2268 die
1318 2237 1486 2269 Lateiner
1516 2235 1583 2267 den

97 2291 301 2322 Aufentbalt
325 2299 371 2322 an
396 2294 510 2323 einem
535 2291 620 2331 Ort,
645 2293 738 2323 nicht
763 2292 818 2324 die
843 2291 951 2333 Nalm,
983 2294 1047 2323 mit
1071 2291 1140 2332 ad,
1165 2292 1377 2324 namentiich
1412 2292 1468 2323 bei
1491 2292 1586 2322 villa

95 2345 167 2376 Cic.
193 2346 301 2378 Rosc.
327 2348 405 2378 Am.
431 2346 485 2386 15,
509 2346 564 2377 44.
589 2355 631 2378 so
656 2344 748 2379 atich
774 2347 823 2378 ad
846 2347 992 2390 aedem,
1018 2348 1068 2380 ad
1090 2346 1234 2388 forum.

188 2433 283 2467 111.
309 2435 426 2468 Ueber
450 2435 592 2477 Nepos]
617 2436 732 2477 vergi.
757 2437 788 2476 3,
815 2435 868 2468 16.
893 2436 927 2477 4,
950 2437 1004 2467 26.
1031 2438 1064 2477 6,
1090 2436 1144 2466 19.

187 2511 220 2542 1.
247 2512 389 2549 Isaeus]
432 2515 532 2544 einer
571 2513 634 2544 der
668 2511 933 2545 beriihmtesten
966 2513 1106 2542 Lehrer
1139 2511 1204 2540 der
1239 2510 1502 2542 sseredsamkeit
1537 2519 1582 2542 zu

98 2567 216 2595 seiner
233 2566 323 2604 Zeu,
348 2567 421 2604 der,
448 2570 503 2597 ein
519 2570 645 2606 syrien·
669 2577 739 2598 von
766 2569 909 2605 Geburt,
933 2570 967 2598 in
984 2567 1072 2597 Rom
1102 2567 1261 2596 Aussebn
1285 2567 1420 2597 mactate
1444 2564 1581 2606 (iuven.

99 2621 133 2656 3,
156 2620 227 2660 74.)
267 2621 348 2650 dart·
369 2622 460 2651 nicht
493 2624 553 2652 mit
588 2623 664 2652 dem
692 2624 781 2653 noch
806 2621 1032 2653 beriihmtern
1059 2621 1205 2652 Redner
1235 2621 1392 2661 gleiches
1416 2622 1583 2663 Neine-ns,

99 2676 175 2706 dem
202 2677 336 2707 Lehrer
360 2676 421 2706 des
448 2676 719 2717 Demosthenes,
745 2677 983 2708 veru-ecliselt
1008 2678 1166 2709 werden.

188 2742 372 2781 simultas]
399 2751 427 2772 s.
455 2751 498 2772 zu
530 2743 560 2783 1,
584 2741 639 2782 20,
666 2743 718 2773 18.

189 2815 237 2839 (κω
258 2807 437 2849 tempore]
465 2810 516 2841 Da
533 2809 766 2840 Philostratus
792 2808 822 2848 1,
840 2809 898 2849 20,
915 2810 948 2842 2,
973 2810 1123 2851 emituit,
1147 2811 1228 2842 dass
1253 2810 1352 2843 lsa'us
1376 2812 1583 2843 einstudirle

100 2863 219 2895 Beden
244 2862 301 2895 fiir
313 2864 564 2904 Eingebungen
589 2864 651 2895 des
670 2864 907 2904 Augenblicks
932 2866 1155 2907 ausgegeben
1181 2867 1279 2907 habe,
1304 2874 1344 2898 so
1370 2866 1470 2898 wa're
1485 2866 1580 2896 wohl
