1855 3200
644 206 745 245 liber
773 209 948 254 quartus.
1453 197 1559 245 235

76 329 203 384 peto,
238 321 352 380 quod
386 320 442 365 de
476 321 622 365 libello
658 334 753 366 meo
789 319 982 365 dicturus
1016 332 1068 364 es
1103 318 1229 376 aliis,
1277 317 1375 362 mihi
1409 319 1559 362 dicast

75 404 215 450 neque
249 388 318 435 est
353 389 536 448 difficile,
573 389 687 445 quod
723 389 909 446 postulo.
976 389 1087 431 Nam
1123 387 1159 430 si
1195 386 1276 429 hoc
1306 386 1560 444 opusculum

75 464 265 502 nostrum
300 461 375 500 aut
409 457 676 513 potissimum
713 461 833 501 esset
868 460 942 499 aut
976 456 1137 510 solum,
1185 455 1372 498 fortasse
1406 457 1561 511 posset

74 526 222 569 durum
256 524 398 569 videri
433 523 601 569 dicere:
646 537 864 582 ‚,quaere,
900 523 1013 580 quod
1048 523 1189 579 agas“
1233 522 1362 566 molle
1396 526 1442 566 et
1474 520 1558 564 hu·-

74 605 241 637 manum
276 595 371 637 est:
406 591 576 652 „habes
611 591 724 650 quod
760 589 916 648 agas“‚
988 591 1117 634 Vale.

753 733 885 779 XV.

423 845 478 896 G.
514 846 705 896 Plinius
740 845 987 895 Fundano
1022 843 1130 894 Suo
1165 843 1221 893 S.

210 952 259 1002 Si
296 952 397 1010 quid
433 953 621 1008 omnino,
667 951 749 995 hoc
784 956 905 996 certe
934 950 1096 1007 judicio
1131 950 1267 1008 facio,
1305 949 1417 1008 quod
1453 950 1560 993 Asi-

76 1020 190 1063 nium
224 1020 380 1063 Rufum
415 1020 691 1077 singulariter
726 1032 834 1063 amo.
904 1018 988 1062 Est
1023 1019 1147 1062 homo
1184 1019 1365 1062 eximius
1401 1022 1445 1062 et
1479 1019 1561 1061 bo-

73 1100 220 1130 norum
265 1088 596 1130 amantissimus.
688 1084 777 1129 Cur
823 1087 936 1131 enim
983 1099 1067 1128 non
1121 1100 1190 1130 me
1233 1099 1405 1142 quoque
1452 1086 1562 1128 inter

73 1155 207 1197 bonos
243 1149 498 1198 numerem?
576 1153 698 1196 Idem
733 1151 980 1197 Cornelium
1023 1154 1220 1196 Tacitum
1265 1150 1389 1211 [scis
1436 1166 1562 1208 quem

73 1219 244 1280 virum]
300 1226 419 1265 arcta
473 1221 764 1264 familiaritate
814 1221 1063 1277 complexus
1122 1224 1205 1264 est.
1287 1218 1477 1262 Proinde
1523 1219 1562 1261 si

73 1292 298 1347 utrumque
344 1293 534 1333 nostrum
580 1289 765 1345 probas,
806 1286 863 1332 de
906 1287 1016 1330 Rufo
1062 1300 1234 1344 quoque
1260 1297 1449 1330 necesse
1495 1289 1563 1330 est

74 1356 185 1400 idem
220 1357 409 1411 sentias,
457 1369 550 1399 cum
586 1356 641 1398 sit
676 1354 732 1398 ad
779 1355 1102 1400 connectendas
1137 1355 1346 1398 amicitias
1381 1354 1454 1398 vel
1490 1359 1560 1397 te-

74 1425 346 1467 nacissimum
391 1424 610 1467 vinculum
655 1437 817 1466 morum
862 1423 1107 1467 similitudo.
1187 1422 1302 1467 Sunt
1353 1423 1393 1466 ei
1440 1421 1563 1465 liberi

76 1492 240 1548 plures„
310 1493 421 1533 Nam
455 1492 499 1533 in
534 1491 615 1533 hoc
649 1504 818 1548 quoque
852 1491 1025 1534 functus
1061 1495 1130 1534 est
1165 1490 1312 1548 optimi
1347 1490 1457 1533 civis
1493 1489 1562 1532 nf-

76 1558 184 1612 ficio,
221 1557 335 1614 quod
370 1557 661 1602 foecunditate
682 1558 828 1601 uxoris
863 1558 986 1613 large
1019 1557 1100 1601 frui
1134 1553 1272 1613 voluit
1308 1571 1360 1601 eo
1395 1557 1561 1612 secale,

171 1735 224 1768 10.
251 1734 347 1774 Nam
378 1736 410 1766 si
440 1735 508 1767 hoc
535 1751 570 1758 —-
608 1735 722 1777 agas]
757 1735 811 1766 Du
842 1734 972 1768 kannst
1006 1735 1099 1767 ohne
1131 1733 1324 1766 Bedenken
1355 1733 1424 1766 mir
1457 1732 1562 1766 deine

76 1792 202 1823 wahre
233 1792 401 1831 Meinung
431 1790 696 1822 unumwunden
728 1791 919 1822 mittheilen
952 1791 992 1830 (a
1014 1790 1260 1832 simplicitate
1292 1788 1390 1830 tua).
1423 1790 1562 1822 Wiiren

75 1847 214 1880 freilich
239 1847 337 1879 diese
352 1847 535 1879 Ver-suche
560 1847 624 1879 das
644 1847 805 1887 Einzige,
829 1846 999 1878 wodurch
1023 1847 1079 1878 ich
1103 1848 1151 1878 im
1174 1845 1310 1878 Stande
1333 1845 1447 1886 wiire,
1471 1847 1561 1878 mich

76 1903 366 1944 Ιιετνοηιιιὴιιιι,
398 1912 455 1935 εγ
472 1903 610 1936 kiinnte
635 1911 675 1935 es
709 1903 789 1934 hart
811 1903 999 1943 scheinen,
1031 1903 1122 1934 mich
1144 1903 1209 1934 aut·
1228 1905 1307 1934 eine
1332 1903 1466 1934 andere
1492 1902 1563 1934 Be-

78 1958 300 1999 schanigung
317 1960 563 1991 hinzuweisen
588 1962 751 2001 (quaere,
772 1959 867 2000 quod
883 1956 1014 2000 aqas);
1039 1959 1143 2000 doch,
1169 1958 1215 1991 da
1238 1959 1295 1990 ich
1319 1959 1419 1991 diese
1444 1960 1562 1999 poeti-

78 2013 186 2044 schen
211 2013 431 2051 Spielereien
455 2022 521 2044 nur
544 2014 598 2044 als
622 2015 702 2044 eine
725 2013 952 2045 Nebensache
978 2015 1174 2056 heti-acme,
1199 2013 1313 2048 kannt
1336 2015 1382 2046 du
1405 2018 1563 2056 getrost„

79 2075 188 2098 wenu
213 2069 265 2099 sie
290 2069 417 2099 deinen
440 2068 558 2099 Beisall
583 2069 679 2099 nicht
702 2069 830 2109 finden,
854 2076 901 2099 zu
927 2070 993 2100 mir
1016 2077 1143 2110 sagen:
1168 2070 1224 2102 Du
1246 2071 1328 2103 hast
1345 2068 1388 2112 ja
1412 2069 1564 2112 audere,

80 2123 212 2156 Deiner
234 2120 441 2165 wiirdigere
465 2124 607 2156 Studien
632 2123 757 2161 (habes
779 2123 875 2166 quod
898 2125 1022 2165 agas).

167 2187 273 2227 XV.
299 2189 499 2228 Fundano]
525 2199 556 2222 s.
582 2189 614 2232 1,
637 2190 671 2222 9.

168 2257 200 2288 1.
219 2254 381 2297 judicio]
408 2257 764 2299 MelurexeAblative,
786 2258 1000 2291 nameutlich
1012 2258 1174 2298 ratione,
1189 2257 1374 2302 tempore,
1394 2260 1562 2300 consilio,

78 2313 216 2356 studio,
243 2315 319 2354 leye
345 2315 488 2352 stenen,
513 2315 588 2345 wie
612 2314 690 2346 hier
707 2310 867 2355 judicio,
892 2316 938 2345 im
965 2314 1195 2346 adverbialeu
1221 2316 1317 2347 Sinn.
1365 2315 1426 2349 Ost
1449 2316 1562 2347 haben

78 2371 131 2400 sie
164 2369 248 2401 aber
279 2371 365 2401 auch
397 2371 431 2400 in
465 2370 597 2401 diesem
622 2370 721 2403 Falle
753 2369 809 2402 die
833 2370 1057 2411 Priiposition
1091 2379 1171 2403 cum
1206 2372 1263 2402 hei
1287 2373 1373 2402 sich.
1413 2371 1562 2411 judicio

78 2425 172 2456 steht
196 2423 363 2466 iibrigens
393 2426 470 2456 hier
504 2426 549 2456 im
575 2425 777 2467 Gegensatz
813 2435 856 2457 zu
877 2425 982 2467 jener
1014 2426 1154 2458 blinden
1177 2427 1368 2467 Vorliehe,
1405 2428 1461 2458 die
1485 2427 1562 2459 ihre

77 2481 238 2522 Neigung
261 2483 353 2513 ohne
380 2483 673 2522 vorhergehende
697 2479 856 2522 Priisung
879 2482 1042 2516 scheukt.

167 2547 198 2577 2.
223 2546 406 2587 probare]
432 2546 559 2579 dreickt
583 2549 679 2579 wohl
706 2550 792 2581 auch
815 2550 1032 2590 zuneigung‚
1056 2549 1165 2581 Liebe
1188 2556 1264 2589 aus,
1289 2549 1375 2580 doch
1401 2557 1467 2597 nur
1490 2549 1561 2591 die,

77 2601 216 2633 weiche
241 2603 316 2632 sich
349 2603 416 2632 auf
436 2604 614 2643 Achtung,
648 2605 710 2634 auf
736 2605 791 2636 die
815 2605 1104 2646 Ueberzeugung
1136 2613 1207 2638 von
1242 2604 1320 2637 dem
1346 2606 1472 2637 Werth
1497 2605 1560 2639 des

78 2658 260 2699 geliebten
285 2657 557 2698 Gegeustaudes
581 2658 742 2700 griindet.

166 2725 199 2754 3.
223 2725 406 2761 seculum]
431 2727 465 2755 in
490 2726 554 2757 der
577 2727 785 2768 Bedeutung
810 2735 880 2758 von
904 2724 1033 2769 ‚‚Zeit“
1057 2727 1149 2758 wird
1175 2729 1280 2760 meist
1303 2729 1349 2760 im
1374 2730 1560 2761 nachthei-

77 2780 169 2820 ligen
184 2781 304 2821 Sinne,
329 2782 541 2813 nameuuich
566 2783 653 2814 aber
677 2791 746 2814 von
772 2784 838 2814 den
863 2784 900 2814 in
925 2784 1027 2815 einer
1049 2785 1229 2824 gewisseu
1245 2785 1327 2816 Zeit
1344 2777 1558 2817 heri-schen-

76 2836 146 2867 den
172 2835 441 2878 Voturtheiien‚
473 2837 698 2879 Gebrechen‚
733 2838 976 2880 Verirrungen
1007 2839 1201 2880 gebi-auem
1233 2839 1487 2881 „zeitgeist“‚
1516 2848 1559 2872 so

76 2891 190 2924 'raom
218 2891 335 2924 Germ.
367 2893 421 2935 19,
444 2894 477 2924 3.
