1855 3200
232 173 338 218 232
782 177 900 217 Plinii
930 178 1181 226 epistolarum

232 292 288 337 de
321 293 462 337 alieno
497 292 784 348 negligentes,
821 296 938 336 certe
974 291 1030 335 de
1066 305 1145 335 suo
1181 291 1409 347 diligentes
1445 296 1595 336 erunt:
1632 291 1715 336 da-

233 361 422 416 buntque
456 372 644 416 operam,
680 373 736 403 ne
771 373 798 401 a
831 373 898 401 me
926 358 1156 414 pecuniam
1190 359 1359 400 nonnisi
1402 359 1560 416 dignus
1594 360 1714 403 acci-

195 427 343 483 9piat,
379 427 418 468 si
453 431 712 483 accepturus
747 430 791 468 et
825 426 878 467 ab
913 425 1022 481 ipsis
1058 426 1151 482 erit.
1230 425 1418 470 Proinde
1453 428 1712 486 consentite,

232 495 492 551 conspirate,
528 496 816 549 majoremque
851 493 1034 534 animum
1070 505 1127 535 ex
1161 505 1256 535 meo
1292 495 1457 550 sumite,
1493 494 1564 550 qui
1591 495 1713 550 cupio

233 574 339 605 esse
373 573 498 618 quam
521 560 762 616 plurimum,
797 558 911 616 quod
947 558 1127 603 debeam
1154 559 1366 603 conferre.
1436 561 1552 604 Nihil
1574 562 1715 605 hone-

234 628 347 671 stius
380 631 605 684 praestare
640 627 786 670 liberis
822 626 1006 680 vestris,
1052 626 1152 669 nihil
1188 627 1352 682 gratias
1385 630 1553 683 patriae
1586 633 1715 685 pote·-

233 695 330 737 stis.
405 692 684 736 Edoceantur
716 693 810 750 hic,
855 694 930 750 qui
973 693 1042 737 hic
1084 697 1347 746 nascuntur,
1391 695 1619 750 statimque
1659 695 1714 738 ab

231 761 409 803 infantia
463 761 608 804 natale
664 761 801 804 solum
857 773 1032 819 amare,
1085 761 1363 818 frequentare
1413 765 1717 805 consuescant.

168 830 223 868 10
235 828 380 887 Atque
414 828 573 870 utinam
607 832 691 870 tam
719 829 862 872 claros
895 831 1205 885 praeceptores
1240 827 1468 886 inducatis,
1507 832 1554 871 ut
1587 828 1717 872 finiti-

232 895 314 938 mis
333 894 504 952 oppidis
538 895 683 938 studia
716 895 814 940 hinc
847 892 1071 953 petantur!
1124 896 1265 953 thue
1288 909 1400 939 nunc
1420 896 1545 939 liberi
1579 895 1718 940 vestri

233 963 377 1006 aliena
412 963 453 1005 in
489 963 606 1020 loca,
654 963 715 1005 ita
754 977 852 1007 mox
888 964 1017 1007 alieni
1052 964 1096 1006 in
1131 963 1244 1006 hunc
1279 964 1417 1006 locum
1452 961 1718 1006 coxissuant“.

164 1039 221 1078 11
235 1030 359 1074 Haec
394 1030 547 1087 putavi
581 1031 708 1073 altius
730 1035 774 1074 et
795 1031 919 1088 quasi
955 1044 980 1073 a
1018 1031 1132 1074 fonte
1167 1030 1429 1088 repetenda3
1467 1044 1548 1087 quo
1578 1031 1718 1088 magis

235 1097 398 1153 scires,
444 1110 568 1154 quam
602 1103 770 1154 gratum
805 1098 902 1141 mihi
936 1099 1073 1157 foret,
1109 1100 1147 1142 si
1181 1099 1458 1154 susciperes,
1504 1097 1618 1154 quod
1651 1099 1720 1140 in-

229 1167 378 1222 Jungo.
447 1165 632 1221 Injungo
680 1171 848 1223 autem,
887 1170 931 1210 et
963 1181 1040 1223 pro
1086 1168 1148 1209 rei
1183 1165 1475 1221 magnitudine
1509 1179 1639 1222 rogo,
1674 1168 1721 1208 ut

236 1245 293 1276 ex
337 1232 459 1288 copia
503 1231 816 1289 studiosorum,
875 1245 986 1289 quae
1030 1233 1083 1275 ad
1131 1238 1173 1276 te
1220 1246 1276 1275 ex
1324 1232 1604 1276 admiratione
1648 1234 1719 1274 in-

235 1299 355 1357 genii
390 1299 450 1342 tui
487 1300 707 1354 convenit,
745 1300 1063 1357 circumspicias
1098 1304 1421 1356 praeceptores,
1459 1311 1570 1355 quos
1596 1299 1716 1341 soili-

236 1365 375 1410 citare
408 1367 653 1426 possimus3
697 1368 775 1409 sub
821 1380 874 1410 ea
908 1372 1049 1410 tamen
1093 1367 1357 1421 conditione,
1403 1379 1458 1408 ne
1493 1366 1561 1409 cui
1595 1365 1721 1409 fidem

238 1445 374 1478 meam
411 1434 689 1490 obstringam.
766 1433 920 1477 Omnia
961 1434 1074 1478 enim
1109 1434 1244 1477 libera
1284 1434 1535 1490 parentibus
1570 1446 1720 1476 servo.

327 1589 363 1619 8.
388 1586 432 1618 de
449 1587 570 1619 alieno
583 1603 625 1608 —
638 1587 682 1619 de
698 1587 1098 1629 32101Eigenthiimliebe
1112 1584 1454 1628 Ausdriicke,wenn
1472 1595 1554 1619 vom
1565 1587 1722 1619 Kosten-

236 1641 417 1681 auswand,
435 1650 507 1674 von
524 1644 711 1683 Ausgaben
731 1644 787 1675 die
805 1644 904 1676 Rede
928 1645 997 1676 ist:
1023 1644 1066 1675 de
1089 1651 1179 1683 meo,
1197 1644 1277 1684 tuo,
1301 1651 1381 1683 suu,
1406 1644 1542 1685 alieno,
1566 1642 1722 1685 publico,

236 1696 309 1730 Cic.
335 1698 432 1732 Fam.
457 1698 491 1737 4,
515 1699 547 1739 3,
572 1701 606 1730 5.
632 1700 738 1731 Attic.
768 1701 821 1738 16,
849 1700 902 1731 16.
928 1700 1009 1731 Ter.
1035 1700 1100 1730 Ad.
1123 1700 1158 1739 2,
1184 1699 1213 1740 1,
1238 1700 1296 1731 37.
1322 1700 1420 1731 Suet.
1446 1698 1549 1730 caes.
1574 1699 1632 1730 19.

325 1774 373 1797 nc
394 1781 439 1789 --
463 1766 557 1803 non]
590 1766 760 1807 Obgieich
794 1769 841 1798 im
867 1768 1120 1798 Lateinischen
1145 1767 1257 1807 nicht,
1288 1768 1363 1798 wie
1394 1767 1440 1797 im
1465 1767 1722 1799 Griechischen

236 1820 336 1853 zwei
359 1822 586 1863 Negationen
616 1822 761 1853 starker
793 1824 960 1864 uegit-en,
990 1823 1148 1853 sondern
1180 1821 1396 1861 affirmiren,
1428 1830 1471 1853 so
1500 1822 1616 1853 finden
1647 1821 1720 1853 sich

236 1876 325 1908 doch
358 1876 413 1907 bei
447 1876 639 1914 Dichtern,
675 1880 747 1908 wie
780 1879 880 1916 virg.
909 1877 985 1908 Ecl.
1017 1878 1053 1917 5,
1075 1877 1132 1908 25.
1166 1877 1269 1916 Prop.
1301 1876 1414 1917 2,19,
1437 1879 1459 1908 5
1483 1886 1515 1908 u.
1539 1877 1597 1915 32,
1631 1885 1662 1908 ιι.
1688 1885 1723 1909 a.

237 1931 398 1964 seltener
421 1931 477 1963 bei
492 1932 726 1973 Prosaikern,
753 1935 825 1964 wie
849 1934 937 1974 hier,
961 1934 995 1973 5,
1010 1931 1069 1974 17,
1087 1934 1120 1963 6.
1146 1933 1224 1964 Liv.
1249 1932 1282 1972 4,
1305 1931 1362 1964 31.
1390 1932 1536 1964 Petron.
1552 1933 1610 1964 42.
1636 1933 1722 1972 Nep.

237 1986 348 2020 Attio.
375 1985 429 2025 11,
453 1987 486 2017 5.
511 1987 753 2027 Ausnalunen‚
778 1989 833 2020 die
859 1997 952 2029 man,
977 1990 1050 2019 wie
1073 1997 1116 2019 an
1142 1989 1263 2020 dieser
1291 1988 1418 2027 Stelie,
1443 1989 1540 2020 wohl
1565 1997 1613 2020 zu
1637 1996 1725 2020 vor-

239 2042 340 2083 eilig‚
364 2042 470 2073 durch
496 2043 720 2083 Entfernung
745 2045 809 2075 der
833 2046 937 2076 einen
963 2044 1198 2084 verneinung
1222 2052 1335 2085 gegen
1370 2044 1562 2075 handschr.
1586 2045 1727 2076 Aucto-

236 2097 322 2130 ritiit
346 2099 408 2129 mit
432 2098 498 2130 der
520 2099 633 2140 Regel
657 2101 692 2130 in
718 2100 897 2140 Einklang
923 2109 968 2131 zu
999 2100 1149 2141 bringen
1174 2101 1310 2131 suchte.
1365 2100 1478 2131 Keine
1503 2101 1723 2140 Sciiwierig-

235 2152 314 2184 keit
338 2154 397 2185 hat
421 2154 538 2185 dieser
555 2153 755 2196 Gebrauch,
780 2164 840 2187 wo
864 2158 922 2188 die
946 2156 1070 2187 beiden
1086 2156 1307 2196 Negationen
1333 2155 1614 2186 verschiedenen
1631 2155 1724 2186 Ver·

238 2208 292 2240 bis
317 2210 534 2250 angeliiiren.
591 2211 677 2243 Hier
707 2212 794 2243 aber
818 2211 920 2242 bildet
954 2212 1048 2241 woiii
1074 2219 1147 2241 non
1170 2210 1246 2240 nisi
1269 2210 1402 2249 digmus
1426 2212 1506 2240 eine
1531 2212 1597 2240 Art
1620 2210 1723 2240 Zwi·

237 2265 441 2305 schensatr„
465 2267 528 2297 der
545 2267 609 2297 mit
633 2267 696 2298 der
709 2266 962 2299 Consti-action
987 2267 1049 2297 des
1063 2267 1306 2304 Hauptsatzes
1329 2272 1399 2296 nur
1425 2266 1460 2294 in
1481 2265 1723 2298 entfernterer

237 2319 442 2361 Beziehung
460 2321 566 2351 steht.

328 2385 383 2418 10.
411 2389 455 2419 ut
475 2385 668 2428 finitimis]
693 2397 735 2421 so
750 2389 838 2420 nach
855 2380 930 2420 dem
946 2388 1035 2420 Med.
1049 2388 1156 2419 Voss.
1172 2389 1263 2420 Sich.
1279 2387 1383 2429 Prag.
1402 2385 1477 2418 fiir:
1505 2386 1546 2418 ut
1559 2396 1583 2418 cc
1598 2385 1723 2429 finiti-

237 2443 315 2473 mis.
341 2443 417 2474 Den
433 2443 552 2484 Dativ,
576 2444 643 2476 den
655 2448 777 2476 zuerst
802 2445 858 2476 die
872 2444 1021 2476 Dichter
1034 2446 1122 2475 nach
1140 2445 1217 2475 dem
1233 2444 1486 2476 Griechischen
1508 2446 1723 2485 usurpirten,

238 2497 294 2527 die
318 2498 634 2531 nachciassischen
653 2501 915 2532 Schriftsteiier
939 2501 1186 2541 nachahmten‚
1213 2501 1426 2531 verstanden
1452 2501 1507 2531 die
1528 2500 1723 2532 Abschrei-

237 2548 301 2581 ber
324 2552 431 2584 nicht.
480 2555 600 2587 Daher
623 2556 735 2587 haben
761 2558 849 2588 auch
875 2558 1039 2588 mem-ere
1064 2557 1254 2587 Handscbr.
1281 2557 1318 2586 in
1341 2552 1521 2597 finitimis·

329 2617 452 2649 aliena
477 2621 513 2650 in
538 2623 641 2661 loca]
666 2623 837 2655 niimiich:
863 2622 1066 2665 confluunt,
1091 2631 1132 2654 so
1158 2624 1244 2655 auch
1271 2623 1399 2665 Paneg.
1425 2623 1479 2664 35,
1502 2622 1535 2653 2.
1563 2622 1620 2660 62,
1643 2622 1677 2653 3.

328 2682 383 2714 11.
408 2684 633 2726 sollicitare]
661 2689 772 2722 kennt
795 2699 861 2723 nur
885 2692 941 2722 die
965 2689 1108 2731 spiitere
1134 2690 1306 2722 Latinita'it
1331 2693 1376 2722 im
1401 2693 1511 2731 gnteu
1536 2690 1620 2720 Sinn
1643 2686 1722 2720 fiir:

239 2740 516 2785 ,ψει-3111353811,
535 2744 775 2787 ausfordern“,
799 2747 895 2779 Suet.
920 2746 1022 2778 Gaib.
1047 2748 1080 2777 5.

328 2806 394 2839 sub
416 2807 642 2845 ⁶⁰¹2dili⁰nel
669 2811 763 2843 wird
791 2813 846 2845 bei
866 2813 934 2844 den
961 2815 1085 2845 besten
1108 2812 1390 2845 Sclirit'tstellern
1415 2810 1511 2843 nicht
1533 2810 1725 2852 gerunden,

242 2862 395 2896 sondern
418 2864 456 2897 in
479 2864 611 2896 dic-sem
636 2864 736 2898 Faue
760 2867 824 2899 der
850 2868 970 2900 blosse
997 2869 1156 2901 Abiativ.
