1855 3200
694 217 793 255 liber
821 217 1011 255 decimus.
1488 218 1591 261 305

112 348 203 378 sum
249 345 275 376 a
315 332 617 390 peritioribus,
667 331 871 375 debuisse
916 345 983 375 me
1024 336 1126 375 ante
1173 332 1213 376 ei
1258 332 1594 379 Alexandrinam

112 403 329 446 civitatem
381 401 640 457 impetrare,
704 398 861 443 deinde
905 401 1162 458 Romanam,
1221 401 1418 457 quoniam
1475 408 1595 446 esset

112 469 371 525 Aegyptius.
442 468 539 524 Ego
577 471 729 522 antem‚
767 468 865 523 qnia
902 469 1011 510 inter
1032 468 1276 523 Aegyptios
1304 473 1595 526 caeterosque

110 537 366 593 peregrinos
390 535 488 578 nihil
511 537 728 578 interesse
757 534 998 593 credebam,
1037 539 1264 578 contentus
1299 537 1476 594 fueram,
1514 537 1596 581 hoc

111 605 252 647 solum
288 604 480 647 scribere
516 603 601 658 tibi,
639 616 734 646 eum
770 603 938 646 scilicet
973 615 998 644 a
1034 603 1264 659 peregrina
1296 605 1598 648 manumissum

112 676 420 728 patronamque
465 672 561 726 ejus
590 673 679 725 jam
717 670 878 726 pridem
914 670 1176 714 decessisse.
1247 671 1317 714 De
1354 685 1436 728 qua
1472 673 1596 728 igno-

112 739 251 782 rantia
271 751 366 781 mea
402 751 484 781 non
522 751 690 793 queror,
727 751 805 794 per
841 751 964 794 qnam
986 739 1120 792 stetit,
1160 743 1203 780 ut
1237 739 1315 781 tibi
1350 752 1426 794 pro
1445 739 1596 783 eodem

114 807 280 848 homine
315 807 490 861 saepius
527 806 756 860 obligarer.
830 807 951 861 Rogo
987 807 1154 862 itaque,
1201 810 1248 847 ut
1283 806 1487 850 beneficio
1524 812 1596 849 tuo

112 874 300 929 legitime
336 875 417 916 frui
451 873 629 929 possim,
667 873 828 915 tribuas
864 874 901 916 ei
939 878 982 916 et
1009 873 1343 916 Alexandrinam
1376 875 1597 918 civitatem

116 946 158 985 et
192 943 442 984 Romanam.
524 941 674 983 Annos
721 943 815 995 ejus
863 945 905 984 et
947 954 1123 983 censum
1171 940 1253 998 (ne
1296 940 1400 997 quid
1442 955 1596 984 rursus

114 1009 419 1064 indulgentiam
463 1013 573 1052 tuam
619 1005 890 1067 moraretur)
936 1009 1104 1052 libertis
1148 1009 1258 1063 tuis,
1303 1009 1457 1065 quibus
1497 1011 1597 1065 Jus-

116 1089 257 1135 serim,
294 1089 408 1119 misi.

742 1227 977 1273 XXIII.

585 1340 839 1404 Trajanas
874 1340 1034 1388 Plinio
1070 1339 1125 1387 S.

262 1443 493 1485 Civitatem
550 1441 914 1482 Alexandrinam
985 1441 1227 1482 secandam
1286 1442 1601 1484 institutionem

121 1509 383 1564 Principum
413 1520 503 1549 non
533 1510 694 1548 temere
724 1508 836 1548 clare
863 1509 1102 1561 proposui.-
1141 1509 1221 1548 secl
1249 1521 1382 1563 qzatm
1415 1509 1602 1564 Harpo-

122 1578 250 1630 crati,
282 1576 536 1628 iatraliptae
556 1575 629 1614 tao
651 1573 750 1626 jam
772 1575 986 1614 civitatem
1010 1573 1261 1615 Romanam
1280 1576 1601 1630 in'tpetraveris,

122 1644 225 1685 liaie
263 1654 433 1698 qaoque
468 1642 669 1695 petitioni
699 1642 801 1681 luae
837 1652 1004 1693 negare
1033 1652 1122 1681 non
1151 1642 1358 1682 sustineo.
1433 1639 1503 1682 Τιι
1542 1654 1604 1683 ex

125 1722 208 1766 qno
240 1722 368 1751 nomo
399 1711 469 1764 sit,
502 1710 651 1750 notam
680 1707 788 1749 milti
803 1705 963 1762 facere
984 1705 1173 1762 debebis,
1205 1708 1255 1747 ¹at
1282 1708 1510 1762 epistotam
1529 1706 1606 1750 tibi

125 1778 185 1819 ad
203 1776 463 1832 Pompejam
483 1775 690 1818 Plantam
694 1806 707 1830 J
730 1773 1010 1830 praefectam
1030 1774 1235 1830 Aeqypli,
1254 1777 1444 1817 amicam
1462 1787 1604 1818 memn

126 1846 304 1887 mittam.

218 1972 305 2003 ante
329 1968 633 2001 Aleoecnzzlrc‘nam
657 1967 872 2004 civitatem]
898 1975 927 1997 s.
953 1975 998 1998 zu
1027 1966 1078 2008 10,
1102 1968 1134 2007 5,
1162 1966 1192 1998 1.

215 2039 248 2069 2.
274 2038 352 2077 Esso
377 2037 515 2073 autem]
542 2045 571 2067 s.
598 2044 642 2066 zu
665 2036 698 2075 3,
722 2037 754 2074 5,
779 2035 833 2066 18.

218 2112 288 2147 per
312 2113 420 2146 qnam
443 2103 567 2139 stetit]
593 2103 703 2134 Diese
727 2102 926 2134 Redensart
950 2101 1006 2134 fiir
1028 2109 1136 2143 penes
1158 2109 1267 2141 quam
1291 2101 1392 2140 erat,
1416 2101 1472 2132 die
1496 2101 1607 2132 ohne-

129 2163 226 2195 diess
262 2164 336 2192 erst
372 2161 426 2191 bei
462 2160 770 2192 naehclassischen
808 2158 1090 2190 Schriststellern
1126 2157 1350 2195 voi-kommt,
1393 2156 1452 2187 hat
1488 2156 1610 2197 regel-

128 2218 262 2258 miissig
287 2224 359 2258 quo
386 2215 510 2247 mina-3
534 2215 622 2247 nach
647 2216 740 2253 sich,
765 2215 797 2253 6,
821 2214 876 2254 34,
901 2215 933 2245 3.
963 2215 1108 2246 Terent.
1134 2212 1242 2244 Andr.
1268 2212 1300 2251 4,
1325 2213 1360 2251 2,
1386 2212 1438 2243 16.
1464 2212 1546 2243 Liv.
1573 2213 1610 2251 6,

129 2275 184 2304 33.
211 2275 242 2313 9,
267 2272 322 2304 14.
347 2271 403 2310 24,
429 2271 490 2309 175
522 2272 611 2302 doch
636 2271 677 2302 da
699 2280 807 2311 penes
831 2279 885 2302 me
910 2271 964 2301 est
985 2269 1177 2310 uberhaupt
1202 2269 1383 2300 bedentet:
1415 2276 1480 2307 „es
1505 2269 1551 2298 ist
1573 2269 1610 2299 in

131 2332 266 2361 meiner
298 2320 463 2367 Maclw‘,
496 2336 536 2358 so
568 2328 703 2358 scheint
737 2328 810 2358 hier
840 2328 901 2357 mit·
932 2326 1136 2357 demselben
1161 2325 1293 2356 Rechte
1325 2324 1367 2354 at
1397 2332 1441 2354 zu
1479 2323 1611 2364 fulgen,

133 2386 175 2416 da
200 2393 264 2415 nur
291 2383 437 2423 zufiinig
462 2385 497 2413 in
517 2380 623 2423 jenen
648 2383 780 2414 Stellen
806 2380 939 2414 iiberall
977 2381 1033 2412 die
1057 2381 1217 2419 Gewalt‚
1250 2383 1368 2411 etwas
1393 2388 1436 2410 zn
1463 2380 1610 2410 vei-hin-

133 2440 240 2480 dern,
265 2440 419 2480 genieint
444 2440 501 2469 ist.

223 2503 413 2538 xxnfi.
440 2505 620 2536 institutio
645 2504 882 2545 Principum]
918 2503 1124 2535 bezeichnet
1148 2502 1223 2532 hier
1255 2500 1352 2533 nicht
1375 2502 1455 2533 eine
1481 2500 1612 2532 beson-

134 2564 218 2594 dere
243 2561 478 2600 Anordnung,
512 2560 665 2591 sondern
699 2562 755 2591 ein
780 2561 957 2600 gewisses
983 2558 1202 2597 versatu-en,
1233 2557 1297 2587 das
1332 2557 1387 2588 die
1411 2558 1614 2597 hislierigen

135 2616 289 2649 Fiirsten
315 2618 347 2647 in
373 2617 505 2647 diesem
529 2615 627 2645 Falle
652 2615 784 2655 befolgt
810 2616 927 2646 hatten
954 2615 1019 2645 und
1053 2622 1124 2645 von
1154 2613 1330 2645 welchem
1353 2610 1486 2655 Trajan
1516 2613 1612 2645 nicht

136 2674 226 2705 ohne
252 2671 449 2703 besondere
473 2669 612 2701 Griinde
637 2670 797 2710 aligehen
823 2670 974 2701 mochte.

226 2747 302 2770 non
325 2737 516 2773 sustineo]
544 2736 655 2776 vergi.
682 2736 812 2776 Paneg.
838 2736 893 2777 26,
908 2737 939 2766 3.
966 2735 1021 2777 60,
1038 2738 1067 2768 5.
1094 2737 1171 2777 „ich
1196 2736 1291 2768 kann
1317 2745 1356 2768 es
1379 2737 1476 2768 nicht
1498 2733 1614 2767 iiber’s

138 2797 234 2827 Herz
259 2796 424 2834 bringen,
450 2793 548 2824 nicht
570 2790 656 2823 iiber
681 2793 767 2823 mich
792 2790 1020 2832 geu-innen.“
1068 2793 1138 2824 Das
1163 2794 1271 2826 XVort
1294 2793 1387 2824 wird
1410 2791 1613 2833 gebraucht,

138 2859 245 2882 wenn
279 2858 358 2881 man
385 2852 479 2880 trotz
504 2846 837 2879 widerstreitender
861 2848 1010 2879 Ansieht
1045 2849 1132 2881 oder
1156 2848 1384 2889 Empfindung
1414 2848 1487 2878 sich
1519 2846 1615 2877 nicht

140 2916 182 2938 zu
208 2912 325 2938 etwas
350 2904 603 2938 entschliessen
627 2903 734 2935 kann.

184 2963 229 2994 ΙΙ.
1221 2959 1274 2996 20
