1855 3200
231 138 263 181 6
775 141 895 180 Plinii*
921 141 1167 188 epistolarum

164 266 217 303 10
229 266 341 312 quae
367 256 458 310 jam
493 254 712 310 corrigere
735 253 907 296 difficile
944 258 1025 295 est.
1094 253 1222 294 Nunc
1241 252 1526 314 respiciamus
1555 250 1704 293 domos

227 325 417 365 nostras,
485 319 655 377 Ecquid
691 321 828 363 omnia
863 320 905 360 in
940 323 1015 360 tua
1050 312 1205 361 recte?
1239 318 1283 359 in
1318 331 1412 361 mea
1449 318 1553 361 novi
1587 318 1703 360 nihil.

227 387 332 430 Mihi
366 391 506 431 autem
544 391 587 430 et
620 387 810 441 gratiora
846 389 947 427 sunt
982 386 1116 441 bona,
1165 383 1279 441 quod
1313 389 1625 442 perseverant,
1663 389 1705 427 et

228 453 393 497 leviora
429 451 705 508 incommoda.
744 451 856 508 quod
891 450 1088 495 adsuevi.
1161 451 1284 492 Vale.

912 593 1031 637 511.

632 702 687 751 C.
724 701 914 752 Plinius
960 704 1082 753 Vero
1119 701 1226 752 Suo
1262 702 1317 751 S.
1436 772 1439 773 γ

187 821 212 857 1
365 805 542 848 Gratias
577 818 661 862 ago
673 838 686 861 ,
735 807 845 863 quod
882 809 1092 866 agellum,
1129 821 1252 864 quem
1287 808 1438 850 nutrici
1474 819 1597 851 meae
1632 806 1712 850 do-

228 883 463 926 naveram,
518 873 741 917 colendum
791 876 1035 930 suscepisti.
1126 874 1260 931 Erat,
1315 888 1440 930 quum
1494 873 1711 928 donarem,

228 943 395 981 centum
417 940 591 981 millium
619 953 850 982 nummum:
888 946 1054 997 postea,
1092 941 1374 984 decrescente
1398 941 1548 997 reditu,
1587 941 1712 984 etiam

191 1008 216 1047 2
230 1006 412 1060 pretium
455 1006 626 1062 minuit,
674 1006 787 1063 quod
823 1020 957 1062 nunc,
1001 1012 1045 1051 te
1081 1011 1282 1064 curante,
1330 1008 1560 1063 reparabit.
1643 1007 1712 1049 Tu

229 1070 353 1113 modo
399 1072 663 1129 memineris,
710 1074 993 1117 commendari
1041 1076 1112 1116 tibi
1148 1087 1173 1115 a
1209 1087 1275 1116 me
1319 1087 1399 1115 non
1443 1074 1623 1116 arbores
1669 1077 1712 1114 et

230 1142 385 1180 terram
423 1138 702 1195 (quamquam
730 1140 838 1184 haec
857 1138 1070 1199 quoque),
1108 1139 1189 1183 sed
1223 1141 1518 1181 munusculum
1551 1152 1712 1196 meum3

230 1202 343 1258 quod
380 1216 482 1246 esse
518 1218 642 1259 quam
679 1206 1064 1249 fructuosissimum
1092 1220 1175 1248 non
1196 1206 1314 1247 illius
1350 1207 1484 1262 magis
1515 1206 1712 1261 interest,

229 1280 340 1324 quae
376 1270 559 1325 accepit,
596 1283 720 1326 quam
756 1285 864 1326 mea,
902 1274 972 1328 qui
1009 1272 1122 1315 dedi.
1194 1272 1317 1314 Vale.

920 1423 1025 1467 IV.

540 1530 594 1579 C.
632 1530 822 1580 Plinius
860 1530 1159 1595 Calpurniae
1194 1530 1331 1580 Suae
1365 1531 1420 1579 S.

193 1643 216 1678 1
365 1634 596 1690 Nunquam
631 1648 725 1678 sum
753 1636 890 1692 magis
914 1635 968 1679 de
988 1636 1340 1692 occupationibus
1375 1637 1480 1680 meis
1515 1640 1715 1693 questuS,

232 1711 346 1754 quae
380 1713 449 1744 me
484 1714 569 1744 non
605 1708 704 1744 sunt
737 1715 898 1759 passae
945 1708 1016 1745 aut
1051 1703 1390 1759 proficiscentem
1426 1708 1491 1758 te,
1540 1704 1715 1746 valetu-

231 1764 345 1807 dinis
389 1778 572 1822 caussa,
619 1768 662 1809 in
700 1768 975 1824 Campaniam
1022 1770 1253 1824 prosequi,
1299 1773 1371 1809 aut
1412 1770 1646 1822 profectam
1690 1782 1715 1811 e

194 1832 418 1888 avestigio
453 1833 668 1889 subsequi.
749 1836 792 1876 N
800 1848 881 1877 unc
918 1835 1025 1877 enim
1069 1835 1304 1891 praecipue
1340 1835 1461 1876 simul
1498 1848 1600 1878 esse
1635 1849 1715 1878 cu-

325 1982 518 2015 emendari
542 2001 585 2007 —-
610 1987 819 2027 corriqere]
846 1987 895 2017 So
913 1987 1013 2017 waln-
1038 1994 1077 2018 es
1101 1987 1159 2026 ist,
1184 1987 1266 2017 dass
1281 1987 1381 2018 beide
1397 1986 1529 2018 VVorte
1553 1987 1615 2028 oft,
1641 1987 1719 2018 blos

233 2046 290 2069 um
321 2040 386 2071 der
411 2039 505 2070 Rede
538 2041 618 2072 eine
649 2042 810 2082 geu-isse
835 2039 935 2073 Fiine
969 2048 1016 2071 zu
1050 2041 1182 2082 geben,
1217 2041 1269 2072 als
1292 2041 1603 2082 gleichbedeutend
1630 2051 1718 2073 ver-

234 2093 369 2125 bunden
395 2093 571 2135 werden,
597 2104 638 2127 so
665 2097 725 2128 hat
751 2097 842 2128 doch
867 2097 991 2136 Gierig
1017 2098 1077 2126 mit
1100 2097 1255 2127 Unrecht
1281 2096 1376 2126 diess
1400 2097 1464 2126 auf
1483 2098 1580 2127 diese
1605 2097 1718 2128 Stelle

233 2149 481 2187 angexvendet.
509 2149 566 2181 An
592 2151 691 2181 einer
715 2150 924 2191 ganzlichen
940 2149 1135 2182 Riickkelu·
1160 2159 1204 2181 zu
1227 2151 1304 2181 dem
1330 2149 1475 2181 friihern
1500 2150 1717 2181 vollkomm-

234 2209 345 2233 neren
371 2202 534 2234 Zustand
560 2203 783 2245 (corriyere)
810 2206 1139 2236 verzweifeltpliu.
1163 2203 1344 2244 ganzlicm
1369 2205 1454 2235 aber
1478 2213 1518 2235 er
1543 2203 1719 2245 wiinscht,

234 2257 317 2288 dass
347 2259 571 2299 wenigstens
604 2260 773 2290 mancher
798 2260 926 2290 Fehler
950 2260 1106 2290 entfernt
1139 2258 1275 2289 werde.
1334 2259 1462 2290 Dieser
1486 2260 1718 2292 Unterschied

234 2312 323 2353 liegt
346 2313 436 2343 auch
461 2314 496 2344 in
521 2313 589 2344 den
614 2321 657 2344 zu
681 2315 714 2354 5,
737 2313 795 2353 21,
820 2316 840 2343 6
865 2314 1116 2354 angegebenen
1142 2313 1404 2354 Bedeutungen.

322 2377 418 2411 ΙΙΙ.
444 2379 476 2410 1.
505 2378 624 2415 Erat]
657 2388 732 2411 esse
758 2381 853 2411 dient
887 2383 937 2411 ost
969 2389 1035 2411 zur
1060 2381 1302 2421 Bestimmung
1334 2381 1395 2410 des
1422 2382 1590 2412 Werthes
1621 2382 1721 2412 einer

234 2432 349 2464 Sache
374 2432 447 2465 fiir:
473 2434 668 2466 aestimari
693 2437 728 2476 3,
753 2435 807 2475 19,
832 2435 865 2465 ‘7-
891 2436 963 2467 Cic.
991 2436 1094 2467 Vorr.
1119 2436 1153 2476 3,
1177 2434 1234 2465 81.
1260 2434 1326 2466 Off.
1351 2436 1384 2475 3,
1407 2435 1463 2466 23.

326 2500 476 2537 minuit]
498 2511 545 2528 =
569 2500 756 2541 decrevit,
787 2500 1022 2532 imminutum
1047 2502 1118 2541 est,
1155 2502 1230 2532 also
1267 2503 1313 2532 im
1339 2502 1588 2533 intransitiven
1624 2502 1721 2543 Sina,

239 2554 311 2582 wie
341 2552 445 2585 Caes.
470 2557 506 2587 Β.
533 2555 575 2586 G.
602 2558 637 2595 3,
664 2556 716 2587 12.
754 2556 841 2588 Plin.
867 2557 909 2587 H.
935 2557 975 2587 N.
1008 2558 1042 2597 2,
1072 2557 1123 2588 18.
1180 2557 1319 2588 Ebeuso
1353 2558 1400 2587 ist
1426 2562 1612 2597 reparare
1644 2558 1721 2587 hier

239 2607 445 2646 gebraucht.
492 2610 600 2641 Diese
615 2610 909 2652 Abweichungen
935 2620 1016 2642 vom
1043 2611 1204 2643 iiblichen
1218 2612 1528 2651 Sprachgebrauch
1552 2611 1718 2643 kommen

242 2658 448 2701 vorziiglich
473 2663 529 2694 bei
548 2664 722 2698 Wortern
748 2675 828 2709 vor,
851 2667 906 2699 die
930 2669 975 2699 im
998 2667 1268 2709 gewiihniichen
1288 2666 1552 2706 Geschaftsstyl
1575 2667 1628 2697 ost
1651 2673 1718 2697 an-

239 2716 432 2755 gewendet
454 2718 615 2749 wurden.

329 2778 416 2815 IV.
438 2781 471 2814 2.
498 2781 605 2815 Nunc
630 2785 746 2822 enim]
771 2787 894 2829 Gierig
917 2788 993 2820 will
1019 2796 1135 2830 gegen
1159 2789 1231 2820 alle
1256 2787 1566 2819 handschristliche
1585 2787 1721 2820 Aucto-
