1855 3200
713 133 811 170 liber
839 136 989 171 sextus.
1567 133 1598 175 7

108 248 275 305 piebam
326 250 371 288 ut
407 245 543 288 oculis
581 246 687 289 meis
723 246 960 304 crederem,
997 246 1098 303 quid
1134 248 1319 301 viribus,
1355 248 1457 304 quid
1492 261 1594 292 eor-

108 314 289 371 pusculo
334 311 596 369 adparareS,
657 312 809 370 ecquid
856 313 1041 370 denique
1091 326 1299 357 secessus
1342 315 1593 371 voluptates

108 380 384 435 regionisque
419 379 721 422 abundantiam
748 380 956 423 inoffensa
976 381 1309 425 transmitteres,
1377 381 1592 438 Equidem

108 449 233 490 etiam
278 448 427 489 sortem
472 451 515 489 te
562 460 645 488 non
693 448 787 489 sine
831 459 933 490 cura
986 447 1306 507 desiderarem3
1365 452 1434 492 est
1477 449 1590 492 enim

107 527 362 568 suspensura
400 517 443 555 et
479 514 672 569 anxium,
711 513 765 557 de
802 526 885 571 ec,
923 527 1047 570 quem
1082 515 1381 558 ardentissime
1416 515 1590 572 diligas,

108 580 316 623 interdum
353 580 453 621 nihil
491 582 617 623 scire.
689 582 815 623 Nunc
851 594 956 623 vero
993 595 1061 624 me
1097 594 1190 624 cum
1227 582 1467 634 absentiae,
1504 587 1589 624 tum

108 647 358 688 infirmitatis
381 652 481 689 tuae
516 648 623 703 ratio
647 648 812 690 incerta
848 652 891 690 et
927 649 1048 690 varia
1072 648 1357 691 sollicitudine
1379 653 1587 692 exterret,

108 714 274 756 Vereor
309 714 471 769 omnia,
518 715 723 769 imaginor
759 715 919 771 omnia,
965 727 1161 771 quaeque
1206 720 1357 757 natura
1392 720 1589 758 metuen-

106 780 210 821 tium
247 784 326 831 est,
363 792 415 822 ea
449 782 631 824 maxime
667 781 777 834 milii,
814 793 922 836 quae
958 783 1142 825 maxime
1177 782 1422 836 abominor,
1460 782 1588 837 tingo.

106 844 202 898 Quo
238 847 475 901 impensius
509 861 635 902 rogo,
671 852 717 890 ut
752 848 891 890 timori
923 861 1016 891 meo
1053 848 1239 905 quotidie
1274 849 1478 904 singulis,
1514 849 1587 891 vcl

105 913 233 954 etiam
271 913 378 954 binis
415 914 609 969 epistolis
655 916 872 957 consulas.
952 914 1039 958 Ero
1084 916 1193 959 enim
1229 917 1443 970 securior,
1491 914 1587 958 dum

105 979 259 1035 legam,
297 980 523 1036 statimque
559 981 726 1036 timebo,
764 995 855 1024 cum
892 983 1055 1038 legero.
1128 981 1251 1026 Vale.

809 1156 880 1201 V.

512 1266 566 1316 C.
603 1266 792 1315 Plinius
836 1266 963 1315 Urso
999 1265 1105 1315 Suo
1142 1265 1196 1313 S.

241 1381 514 1438 Scripseram
549 1383 743 1426 tenuisse
764 1382 998 1440 Varenum,
1036 1387 1082 1424 ut
1117 1382 1197 1424 sibi
1232 1392 1419 1425 evocare
1454 1384 1591 1424 testes

107 1448 280 1490 liceret:
339 1449 452 1503 quod
496 1450 689 1505 pluribus
744 1461 946 1506 aequum,
999 1447 1249 1504 quibusdam
1294 1448 1501 1504 iniquum,
1547 1453 1592 1490 et

106 1513 274 1570 quidem
321 1516 624 1572 pertinaciter,
672 1516 838 1572 visum3
884 1515 1067 1557 maxime
1101 1515 1265 1556 Licinio
1300 1515 1485 1570 Nepoti,
1519 1514 1590 1570 qui

108 1698 192 1730 ritiit
220 1698 323 1730 Tunc
349 1699 444 1731 enim
469 1699 588 1738 lesen,
620 1699 723 1737 weil,
759 1706 869 1730 wenn
892 1699 983 1731 Plin.
1009 1699 1129 1730 diesen
1156 1697 1255 1729 Brief
1270 1698 1387 1730 soron-t
1409 1698 1501 1730 nach
1527 1697 1591 1730 der

110 1755 262 1785 Abi-eise
286 1754 350 1785 der
374 1754 494 1785 Gattin
519 1748 909 1794 geschriebeii.hatte,
941 1761 981 1784 es
1012 1756 1120 1794 cupio
1144 1754 1286 1784 lieissen
1310 1750 1452 1792 miisse3
1481 1753 1590 1784 allein

108 1819 149 1842 er
182 1816 329 1847 vergass
362 1811 439 1842 hier
472 1808 538 1840 den
562 1809 796 1849 allgemeinen
821 1808 1006 1840 Gebraucli
1041 1809 1105 1839 der
1128 1808 1253 1847 Alten,
1283 1808 1317 1838 in
1342 1807 1480 1838 Briefen
1516 1807 1592 1838 sich

108 1867 144 1897 in
169 1865 236 1896 den
263 1863 485 1906 Augeublick
519 1873 565 1896 zu
597 1867 811 1905 versetzen,
843 1871 905 1895 wo
937 1863 1001 1894 der
1024 1863 1127 1895 Brief
1152 1871 1195 1893 an
1232 1863 1332 1893 seine
1357 1863 1594 1903 Bestimmung

109 1921 257 1961 gelangt
288 1922 346 1950 ist.
402 1921 475 1951 Das
502 1920 667 1960 folgende
700 1918 811 1952 Nunc
835 1926 924 1951 vero
957 1919 1052 1950 steht
1083 1919 1170 1949 aber
1201 1926 1246 1948 zu
1278 1917 1412 1949 diesem
1435 1918 1593 1949 nuncin

106 1984 173 2017 gar
204 1975 331 2006 keiner
367 1975 589 2016 Beziehung,
628 1974 784 2006 sondern
817 1976 862 2006 im
894 1974 1098 2014 Gegeusaiz
1130 1980 1196 2004 zu:
1229 1980 1295 2013 eqo
1324 1973 1435 2005 etiam
1470 1988 1503 1995 —
1527 1972 1593 2004 de-

108 2030 325 2061 siderarem.

200 2096 426 2136 adparat-es]
463 2095 554 2128 nach
587 2097 678 2128 Med.
703 2096 806 2136 Prag.
833 2095 931 2134 Ald.‚
966 2094 1029 2125 der
1054 2093 1259 2134 adpareres
1290 2093 1414 2132 bietet,
1445 2091 1507 2124 fiir
1537 2093 1594 2124 die

113 2151 234 2192 Vulg.:
261 2151 496 2191 adquireres.
540 2158 736 2192 apparare
760 2148 817 2181 fiir
840 2150 989 2189 addere,
1011 2149 1184 2189 colli-(jere
1208 2147 1345 2179 konnte
1369 2147 1460 2178 Plin.
1485 2147 1595 2178 leicht

109 2215 223 2247 sagen
246 2206 335 2238 nach
359 2207 423 2237 der
451 2207 618 2247 Analogie
644 2214 715 2238 von
740 2211 928 2246 reparare
952 2205 1064 2236 vires.

203 2284 236 2315 4.
261 2283 486 2320 abominari]
523 2284 588 2316 das
623 2281 869 2324 urspriinglich
901 2285 1023 2314 seiner
1047 2281 1278 2322 Etymologie
1309 2280 1399 2311 nach
1432 2279 1507 2310 blos
1532 2279 1594 2310 be-

112 2339 275 2371 deutete:
301 2340 381 2370 eine
396 2340 511 2370 Saclie
537 2347 608 2370 von
626 2339 731 2370 biiser
746 2339 1020 2377 Vorbedeutung
1043 2345 1114 2368 von
1138 2337 1210 2367 sich
1233 2335 1446 2374 abwenden‚
1471 2332 1596 2364 wurde

117 2402 188 2425 von
221 2395 289 2425 den
321 2394 600 2426 Schriftstellern
634 2395 697 2425 des
729 2394 908 2425 silbernen
942 2393 1158 2432 Zeitalters‚
1189 2391 1280 2422 daun
1315 2386 1509 2427 iiberliaupt
1539 2386 1597 2419 fiir

115 2449 320 2489 exsecrari,
343 2459 367 2480 u
391 2458 427 2480 se
451 2449 605 2480 amoliri
628 2449 834 2489 gebraucht.

205 2525 239 2555 5.
263 2525 483 2564 impensius]
511 2526 777 2556 nachclassisch
801 2525 857 2557 bei
880 2524 945 2555 den
961 2523 1095 2554 Verbis
1119 2522 1182 2553 der
1196 2522 1300 2561 Bitte,
1326 2522 1387 2552 des
1405 2520 1595 2561 Anliegeus

118 2577 176 2610 fiir
198 2580 261 2610 das
286 2580 432 2610 bessere
455 2579 713 2611 vehementius.

209 2665 264 2699 V.
294 2665 324 2698 1.
350 2665 529 2703 tenuisse]
561 2664 620 2698 fiir
651 2665 869 2706 obtinuisse,
901 2673 980 2697 was
1012 2666 1090 2697 bier
1127 2667 1172 2697 im
1197 2665 1300 2707 Prag-
1333 2665 1406 2696 sicli
1433 2664 1596 2696 wirklicb

121 2721 241 2753 findet.

211 2793 367 2820 evocare
390 2787 517 2823 testes]
543 2795 572 2817 s.
600 2794 644 2817 zu
669 2787 702 2826 5,
724 2783 781 2824 20,
803 2784 836 2815 2.

1629 861 1656 893 ὃ
