<?xml version="1.0" encoding="UTF-8"?>
<!DOCTYPE html PUBLIC "-//W3C//DTD XHTML 1.0 Transitional//EN"
    "http://www.w3.org/TR/xhtml1/DTD/xhtml1-transitional.dtd">
<html xmlns="http://www.w3.org/1999/xhtml" xml:lang="en" lang="en">
 <head>
  <title>
</title>
<meta http-equiv="Content-Type" content="text/html;charset=utf-8" />
  <meta name='ocr-system' content='tesseract 3.04.00' />
  <meta name='ocr-capabilities' content='ocr_page ocr_carea ocr_par ocr_line ocrx_word'/>
</head>
<body>
  <div class='ocr_page' id='page_1' title='image "./epistolae01plinuoft_0311.png"; bbox 0 0 1855 3200; ppageno 0'>
   <div class='ocr_carea' id='block_1_1' title="bbox 658 176 1587 237">
    <p class='ocr_par' dir='ltr' id='par_1_1' title="bbox 658 176 1587 237">
     <span class='ocr_line' id='line_1_1' title="bbox 658 176 1587 237; baseline 0.001 -18"><span class='ocrx_word' id='word_1_1' title='bbox 658 183 777 223; x_wconf 57' lang='lat' dir='ltr'><strong>liber</strong></span> <span class='ocrx_word' id='word_1_2' title='bbox 803 184 975 237; x_wconf 80' lang='lat' dir='ltr'><strong>quintus.</strong></span> <span class='ocrx_word' id='word_1_3' title='bbox 1482 176 1587 220; x_wconf 75' lang='lat'><strong>267</strong></span> 
     </span>
    </p>
   </div>
   <div class='ocr_carea' id='block_1_2' title="bbox 98 296 1653 1764">
    <p class='ocr_par' dir='ltr' id='par_1_2' title="bbox 98 296 1653 1764">
     <span class='ocr_line' id='line_1_2' title="bbox 100 296 1584 351; baseline -0.003 -9"><span class='ocrx_word' id='word_1_4' title='bbox 100 299 160 342; x_wconf 91' lang='grc' dir='ltr'><strong>Μ.</strong></span> <span class='ocrx_word' id='word_1_5' title='bbox 196 298 474 350; x_wconf 76' lang='lat' dir='ltr'><strong>Messallam,</strong></span> <span class='ocrx_word' id='word_1_6' title='bbox 513 296 565 351; x_wconf 79' lang='lat' dir='ltr'><strong>Q.</strong></span> <span class='ocrx_word' id='word_1_7' title='bbox 603 299 910 351; x_wconf 83' lang='lat' dir='ltr'><strong>Hortensium,</strong></span> <span class='ocrx_word' id='word_1_8' title='bbox 953 297 1014 341; x_wconf 87' lang='lat' dir='ltr'><strong>M.</strong></span> <span class='ocrx_word' id='word_1_9' title='bbox 1051 296 1260 348; x_wconf 79' lang='lat' dir='ltr'><strong>Brutum,</strong></span> <span class='ocrx_word' id='word_1_10' title='bbox 1303 296 1356 345; x_wconf 81' lang='lat' dir='ltr'><strong>L.</strong></span> <span class='ocrx_word' id='word_1_11' title='bbox 1406 296 1584 350; x_wconf 70' lang='lat' dir='ltr'><strong>Sullam,</strong></span> 
     </span>
     <span class='ocr_line' id='line_1_3' title="bbox 102 363 1587 422; baseline -0.003 -14"><span class='ocrx_word' id='word_1_12' title='bbox 102 366 153 419; x_wconf 85' lang='lat' dir='ltr'><strong>Q.</strong></span> <span class='ocrx_word' id='word_1_13' title='bbox 191 364 402 418; x_wconf 73' lang='lat' dir='ltr'><strong>Catulum,</strong></span> <span class='ocrx_word' id='word_1_14' title='bbox 440 363 492 417; x_wconf 81' lang='lat' dir='ltr'><strong>Q.</strong></span> <span class='ocrx_word' id='word_1_15' title='bbox 545 365 832 422; x_wconf 78' lang='lat' dir='ltr'><strong>Scaevolam,</strong></span> <span class='ocrx_word' id='word_1_16' title='bbox 869 364 972 408; x_wconf 88' lang='lat' dir='ltr'><strong>Ser.</strong></span> <span class='ocrx_word' id='word_1_17' title='bbox 997 363 1282 421; x_wconf 62' lang='lat' dir='ltr'><strong>Sulpicium,</strong></span> <span class='ocrx_word' id='word_1_18' title='bbox 1333 363 1587 415; x_wconf 79' lang='lat' dir='ltr'><strong>Varronem,</strong></span> 
     </span>
     <span class='ocr_line' id='line_1_4' title="bbox 102 423 1585 489; baseline -0.003 -13"><span class='ocrx_word' id='word_1_19' title='bbox 102 423 387 489; x_wconf 77' lang='lat' dir='ltr'><strong>Torquatum,</strong></span> <span class='ocrx_word' id='word_1_20' title='bbox 424 433 574 489; x_wconf 75' lang='lat' dir='ltr'><strong>(immo</strong></span> <span class='ocrx_word' id='word_1_21' title='bbox 613 432 908 489; x_wconf 69' lang='lat' dir='ltr'><strong>Torquatoqu</strong></span> <span class='ocrx_word' id='word_1_22' title='bbox 956 429 1005 474; x_wconf 89' lang='lat' dir='ltr'><strong>C.</strong></span> <span class='ocrx_word' id='word_1_23' title='bbox 1042 431 1310 486; x_wconf 82' lang='lat' dir='ltr'><strong>Memmium,</strong></span> <span class='ocrx_word' id='word_1_24' title='bbox 1355 430 1585 476; x_wconf 81' lang='lat' dir='ltr'><strong>Lentulum</strong></span> 
     </span>
     <span class='ocr_line' id='line_1_5' title="bbox 102 497 1607 554; baseline -0.004 -11"><span class='ocrx_word' id='word_1_25' title='bbox 102 499 394 553; x_wconf 79' lang='lat' dir='ltr'><strong>Gaetulicum,</strong></span> <span class='ocrx_word' id='word_1_26' title='bbox 451 501 676 548; x_wconf 86' lang='lat' dir='ltr'><strong>Annaeum</strong></span> <span class='ocrx_word' id='word_1_27' title='bbox 732 498 950 542; x_wconf 80' lang='lat' dir='ltr'><strong>Senecam</strong></span> <span class='ocrx_word' id='word_1_28' title='bbox 996 503 1041 542; x_wconf 91' lang='lat' dir='ltr'><strong>et</strong></span> <span class='ocrx_word' id='word_1_29' title='bbox 1088 499 1296 554; x_wconf 76' lang='lat' dir='ltr'><strong>proximet</strong></span> <span class='ocrx_word' id='word_1_30' title='bbox 1332 497 1607 552; x_wconf 81' lang='lat' dir='ltr'><strong>Verginium·</strong></span> 
     </span>
     <span class='ocr_line' id='line_1_6' title="bbox 99 564 1585 622; baseline -0.002 -12"><span class='ocrx_word' id='word_1_31' title='bbox 99 567 280 620; x_wconf 63' lang='lat' dir='ltr'><strong>Rufum,</strong></span> <span class='ocrx_word' id='word_1_32' title='bbox 314 571 360 610; x_wconf 88' lang='lat' dir='ltr'><strong>et</strong></span> <span class='ocrx_word' id='word_1_33' title='bbox 396 567 436 608; x_wconf 84' lang='lat' dir='ltr'><strong>si</strong></span> <span class='ocrx_word' id='word_1_34' title='bbox 469 579 551 610; x_wconf 92' lang='lat' dir='ltr'><strong>non</strong></span> <span class='ocrx_word' id='word_1_35' title='bbox 588 567 805 614; x_wconf 80' lang='lat' dir='ltr'><strong>sufficiunt</strong></span> <span class='ocrx_word' id='word_1_36' title='bbox 840 567 1037 622; x_wconf 83' lang='lat' dir='ltr'><strong>exempla</strong></span> <span class='ocrx_word' id='word_1_37' title='bbox 1072 567 1271 622; x_wconf 80' lang='lat' dir='ltr'><strong>privata,</strong></span> <span class='ocrx_word' id='word_1_38' title='bbox 1316 565 1462 615; x_wconf 81' lang='lat' dir='ltr'><strong>divum</strong></span> <span class='ocrx_word' id='word_1_39' title='bbox 1486 564 1585 615; x_wconf 49' lang='lat' dir='ltr'><strong>‘Jue</strong></span> 
     </span>
     <span class='ocr_line' id='line_1_7' title="bbox 99 625 1585 695; baseline -0.004 -16"><span class='ocrx_word' id='word_1_40' title='bbox 99 636 214 695; x_wconf 53' lang='lat' dir='ltr'><strong>lium?</strong></span> <span class='ocrx_word' id='word_1_41' title='bbox 247 633 392 681; x_wconf 82' lang='lat' dir='ltr'><strong>divum</strong></span> <span class='ocrx_word' id='word_1_42' title='bbox 428 636 686 690; x_wconf 83' lang='lat' dir='ltr'><strong>Augustum,</strong></span> <span class='ocrx_word' id='word_1_43' title='bbox 714 633 859 676; x_wconf 90' lang='lat' dir='ltr'><strong>divum</strong></span> <span class='ocrx_word' id='word_1_44' title='bbox 889 635 1112 684; x_wconf 83' lang='lat' dir='ltr'><strong>Nervam,</strong></span> <span class='ocrx_word' id='word_1_45' title='bbox 1149 634 1292 677; x_wconf 86' lang='lat' dir='ltr'><strong>Titum</strong></span> <span class='ocrx_word' id='word_1_46' title='bbox 1312 625 1585 682; x_wconf 70' lang='lat' dir='ltr'><strong>Caesarem?</strong></span> 
     </span>
     <span class='ocr_line' id='line_1_8' title="bbox 99 700 1653 757; baseline -0.003 -12"><span class='ocrx_word' id='word_1_47' title='bbox 99 703 316 746; x_wconf 86' lang='lat' dir='ltr'><strong>Neronem</strong></span> <span class='ocrx_word' id='word_1_48' title='bbox 353 702 462 744; x_wconf 90' lang='lat' dir='ltr'><strong>enim</strong></span> <span class='ocrx_word' id='word_1_49' title='bbox 498 707 700 754; x_wconf 83' lang='lat' dir='ltr'><strong>transeo,</strong></span> <span class='ocrx_word' id='word_1_50' title='bbox 736 701 935 757; x_wconf 88' lang='lat' dir='ltr'><strong>quamvis</strong></span> <span class='ocrx_word' id='word_1_51' title='bbox 971 701 1129 753; x_wconf 86' lang='lat' dir='ltr'><strong>sciam,</strong></span> <span class='ocrx_word' id='word_1_52' title='bbox 1175 714 1259 742; x_wconf 89' lang='lat' dir='ltr'><strong>non</strong></span> <span class='ocrx_word' id='word_1_53' title='bbox 1296 700 1509 756; x_wconf 79' lang='lat' dir='ltr'><strong>corrumpi</strong></span> <span class='ocrx_word' id='word_1_54' title='bbox 1544 700 1585 742; x_wconf 91' lang='lat' dir='ltr'><strong>in</strong></span> <span class='ocrx_word' id='word_1_55' title='bbox 1628 714 1653 749; x_wconf 82' lang='lat'>6</span> 
     </span>
     <span class='ocr_line' id='line_1_9' title="bbox 101 766 1585 825; baseline -0.001 -15"><span class='ocrx_word' id='word_1_56' title='bbox 101 768 303 823; x_wconf 69' lang='lat' dir='ltr'><strong>(leterius,</strong></span> <span class='ocrx_word' id='word_1_57' title='bbox 340 782 450 825; x_wconf 84' lang='lat' dir='ltr'><strong>quae</strong></span> <span class='ocrx_word' id='word_1_58' title='bbox 486 769 712 825; x_wconf 84' lang='lat' dir='ltr'><strong>aliquando</strong></span> <span class='ocrx_word' id='word_1_59' title='bbox 749 769 879 812; x_wconf 87' lang='lat' dir='ltr'><strong>etiam</strong></span> <span class='ocrx_word' id='word_1_60' title='bbox 914 781 940 810; x_wconf 94' lang='lat' dir='ltr'><strong>a</strong></span> <span class='ocrx_word' id='word_1_61' title='bbox 976 769 1119 822; x_wconf 82' lang='lat' dir='ltr'><strong>malis,</strong></span> <span class='ocrx_word' id='word_1_62' title='bbox 1156 766 1237 811; x_wconf 88' lang='lat' dir='ltr'><strong>sed</strong></span> <span class='ocrx_word' id='word_1_63' title='bbox 1273 767 1456 810; x_wconf 85' lang='lat' dir='ltr'><strong>honesta</strong></span> <span class='ocrx_word' id='word_1_64' title='bbox 1491 778 1585 808; x_wconf 87' lang='lat' dir='ltr'><strong>ma-</strong></span> 
     </span>
     <span class='ocr_line' id='line_1_10' title="bbox 102 835 1586 893; baseline -0.001 -17"><span class='ocrx_word' id='word_1_65' title='bbox 102 850 228 893; x_wconf 71' lang='lat' dir='ltr'><strong>nere,</strong></span> <span class='ocrx_word' id='word_1_66' title='bbox 274 850 385 892; x_wconf 83' lang='lat' dir='ltr'><strong>quae</strong></span> <span class='ocrx_word' id='word_1_67' title='bbox 420 837 601 893; x_wconf 86' lang='lat' dir='ltr'><strong>saepius</strong></span> <span class='ocrx_word' id='word_1_68' title='bbox 636 849 662 877; x_wconf 84' lang='lat' dir='ltr'><strong>a</strong></span> <span class='ocrx_word' id='word_1_69' title='bbox 696 836 824 879; x_wconf 87' lang='lat' dir='ltr'><strong>bonis</strong></span> <span class='ocrx_word' id='word_1_70' title='bbox 858 836 976 879; x_wconf 88' lang='lat' dir='ltr'><strong>fiunt.</strong></span> <span class='ocrx_word' id='word_1_71' title='bbox 1046 836 1166 878; x_wconf 83' lang='lat' dir='ltr'><strong>Inter</strong></span> <span class='ocrx_word' id='word_1_72' title='bbox 1201 849 1310 891; x_wconf 84' lang='lat' dir='ltr'><strong>quos</strong></span> <span class='ocrx_word' id='word_1_73' title='bbox 1345 835 1417 877; x_wconf 83' lang='lat' dir='ltr'><strong>vel</strong></span> <span class='ocrx_word' id='word_1_74' title='bbox 1453 847 1586 890; x_wconf 86' lang='lat' dir='ltr'><strong>prae-</strong></span> 
     </span>
     <span class='ocr_line' id='line_1_11' title="bbox 101 901 1586 961; baseline -0.001 -18"><span class='ocrx_word' id='word_1_75' title='bbox 101 905 226 958; x_wconf 71' lang='lat' dir='ltr'><strong>cipue</strong></span> <span class='ocrx_word' id='word_1_76' title='bbox 263 904 550 947; x_wconf 86' lang='lat' dir='ltr'><strong>numerandus</strong></span> <span class='ocrx_word' id='word_1_77' title='bbox 587 908 656 947; x_wconf 84' lang='lat' dir='ltr'><strong>est</strong></span> <span class='ocrx_word' id='word_1_78' title='bbox 678 904 726 945; x_wconf 88' lang='lat' dir='ltr'><strong>P.</strong></span> <span class='ocrx_word' id='word_1_79' title='bbox 757 902 982 961; x_wconf 72' lang='lat' dir='ltr'><strong>Virgilius,</strong></span> <span class='ocrx_word' id='word_1_80' title='bbox 1021 901 1153 945; x_wconf 78' lang='lat' dir='ltr'><strong>Corn,</strong></span> <span class='ocrx_word' id='word_1_81' title='bbox 1182 905 1347 958; x_wconf 84' lang='lat' dir='ltr'><strong>Nepos,</strong></span> <span class='ocrx_word' id='word_1_82' title='bbox 1386 906 1428 945; x_wconf 89' lang='lat' dir='ltr'><strong>et</strong></span> <span class='ocrx_word' id='word_1_83' title='bbox 1465 902 1586 957; x_wconf 87' lang='lat' dir='ltr'><strong>prius</strong></span> 
     </span>
     <span class='ocr_line' id='line_1_12' title="bbox 99 968 1585 1027; baseline 0 -18"><span class='ocrx_word' id='word_1_84' title='bbox 99 968 272 1010; x_wconf 86' lang='lat' dir='ltr'><strong>Ennius</strong></span> <span class='ocrx_word' id='word_1_85' title='bbox 310 971 568 1027; x_wconf 84' lang='lat' dir='ltr'><strong>Acciusque.</strong></span> <span class='ocrx_word' id='word_1_86' title='bbox 646 971 748 1012; x_wconf 88' lang='lat' dir='ltr'><strong>Non</strong></span> <span class='ocrx_word' id='word_1_87' title='bbox 784 969 952 1026; x_wconf 77' lang='lat' dir='ltr'><strong>quidem</strong></span> <span class='ocrx_word' id='word_1_88' title='bbox 989 970 1029 1012; x_wconf 81' lang='lat' dir='ltr'><strong>hi</strong></span> <span class='ocrx_word' id='word_1_89' title='bbox 1066 974 1317 1014; x_wconf 76' lang='lat' dir='ltr'><strong>senatores:</strong></span> <span class='ocrx_word' id='word_1_90' title='bbox 1363 969 1440 1011; x_wconf 85' lang='lat' dir='ltr'><strong>sed</strong></span> <span class='ocrx_word' id='word_1_91' title='bbox 1479 981 1585 1010; x_wconf 87' lang='lat' dir='ltr'><strong>san-</strong></span> 
     </span>
     <span class='ocr_line' id='line_1_13' title="bbox 101 1034 1651 1094; baseline 0 -17"><span class='ocrx_word' id='word_1_92' title='bbox 101 1036 229 1078; x_wconf 84' lang='lat' dir='ltr'><strong>ctitas</strong></span> <span class='ocrx_word' id='word_1_93' title='bbox 265 1051 424 1080; x_wconf 90' lang='lat' dir='ltr'><strong>morum</strong></span> <span class='ocrx_word' id='word_1_94' title='bbox 463 1052 545 1094; x_wconf 86' lang='lat' dir='ltr'><strong>non</strong></span> <span class='ocrx_word' id='word_1_95' title='bbox 584 1037 713 1080; x_wconf 85' lang='lat' dir='ltr'><strong>distat</strong></span> <span class='ocrx_word' id='word_1_96' title='bbox 748 1037 1003 1080; x_wconf 79' lang='lat' dir='ltr'><strong>ordinibus.-</strong></span> <span class='ocrx_word' id='word_1_97' title='bbox 1060 1038 1214 1092; x_wconf 78' lang='lat' dir='ltr'><strong>Recito</strong></span> <span class='ocrx_word' id='word_1_98' title='bbox 1262 1042 1425 1082; x_wconf 71' lang='lat' dir='ltr'><strong>tamem</strong></span> <span class='ocrx_word' id='word_1_99' title='bbox 1472 1034 1584 1092; x_wconf 84' lang='lat' dir='ltr'><strong>quod</strong></span> <span class='ocrx_word' id='word_1_100' title='bbox 1626 1051 1651 1086; x_wconf 84' lang='lat'><strong>7</strong></span> 
     </span>
     <span class='ocr_line' id='line_1_14' title="bbox 98 1103 1584 1161; baseline 0.001 -17"><span class='ocrx_word' id='word_1_101' title='bbox 98 1103 158 1144; x_wconf 88' lang='lat' dir='ltr'><strong>illi</strong></span> <span class='ocrx_word' id='word_1_102' title='bbox 194 1115 247 1144; x_wconf 91' lang='lat' dir='ltr'><strong>an</strong></span> <span class='ocrx_word' id='word_1_103' title='bbox 286 1103 482 1158; x_wconf 82' lang='lat' dir='ltr'><strong>fecerint,</strong></span> <span class='ocrx_word' id='word_1_104' title='bbox 520 1105 682 1148; x_wconf 85' lang='lat' dir='ltr'><strong>nescio.</strong></span> <span class='ocrx_word' id='word_1_105' title='bbox 753 1103 846 1148; x_wconf 86' lang='lat' dir='ltr'><strong>Sed</strong></span> <span class='ocrx_word' id='word_1_106' title='bbox 871 1105 929 1146; x_wconf 89' lang='lat' dir='ltr'><strong>illi</strong></span> <span class='ocrx_word' id='word_1_107' title='bbox 957 1104 1119 1160; x_wconf 85' lang='lat' dir='ltr'><strong>judicio</strong></span> <span class='ocrx_word' id='word_1_108' title='bbox 1156 1118 1233 1146; x_wconf 88' lang='lat' dir='ltr'><strong>suo</strong></span> <span class='ocrx_word' id='word_1_109' title='bbox 1264 1108 1462 1161; x_wconf 79' lang='lat' dir='ltr'><strong>poterant</strong></span> <span class='ocrx_word' id='word_1_110' title='bbox 1484 1116 1584 1146; x_wconf 85' lang='lat' dir='ltr'><strong>esse</strong></span> 
     </span>
     <span class='ocr_line' id='line_1_15' title="bbox 100 1170 1585 1227; baseline -0.001 -15"><span class='ocrx_word' id='word_1_111' title='bbox 100 1171 312 1212; x_wconf 87' lang='lat' dir='ltr'><strong>contenti:</strong></span> <span class='ocrx_word' id='word_1_112' title='bbox 357 1171 459 1213; x_wconf 80' lang='lat' dir='ltr'><strong>mihi</strong></span> <span class='ocrx_word' id='word_1_113' title='bbox 501 1171 739 1223; x_wconf 86' lang='lat' dir='ltr'><strong>modestior</strong></span> <span class='ocrx_word' id='word_1_114' title='bbox 783 1173 1026 1215; x_wconf 87' lang='lat' dir='ltr'><strong>constantia</strong></span> <span class='ocrx_word' id='word_1_115' title='bbox 1073 1174 1163 1223; x_wconf 85' lang='lat' dir='ltr'><strong>est,</strong></span> <span class='ocrx_word' id='word_1_116' title='bbox 1218 1184 1344 1227; x_wconf 82' lang='lat' dir='ltr'><strong>quam</strong></span> <span class='ocrx_word' id='word_1_117' title='bbox 1389 1175 1432 1211; x_wconf 90' lang='lat' dir='ltr'><strong>nt</strong></span> <span class='ocrx_word' id='word_1_118' title='bbox 1477 1170 1585 1211; x_wconf 82' lang='lat' dir='ltr'><strong>satis</strong></span> 
     </span>
     <span class='ocr_line' id='line_1_16' title="bbox 98 1230 1651 1296; baseline 0.001 -15"><span class='ocrx_word' id='word_1_119' title='bbox 98 1237 334 1281; x_wconf 83' lang='lat' dir='ltr'><strong>absolutum</strong></span> <span class='ocrx_word' id='word_1_120' title='bbox 369 1245 535 1296; x_wconf 84' lang='lat' dir='ltr'><strong>putem,</strong></span> <span class='ocrx_word' id='word_1_121' title='bbox 581 1239 694 1295; x_wconf 88' lang='lat' dir='ltr'><strong>quod</strong></span> <span class='ocrx_word' id='word_1_122' title='bbox 731 1252 757 1280; x_wconf 85' lang='lat' dir='ltr'><strong>a</strong></span> <span class='ocrx_word' id='word_1_123' title='bbox 791 1253 860 1282; x_wconf 92' lang='lat' dir='ltr'><strong>me</strong></span> <span class='ocrx_word' id='word_1_124' title='bbox 895 1239 1114 1296; x_wconf 85' lang='lat' dir='ltr'><strong>probetur.</strong></span> <span class='ocrx_word' id='word_1_125' title='bbox 1196 1238 1352 1295; x_wconf 86' lang='lat' dir='ltr'><strong>Itaque</strong></span> <span class='ocrx_word' id='word_1_126' title='bbox 1374 1230 1475 1279; x_wconf 69' lang='lat' dir='ltr'><strong>⁴has</strong></span> <span class='ocrx_word' id='word_1_127' title='bbox 1497 1249 1584 1279; x_wconf 64' lang='lat' dir='ltr'><strong>vre—</strong></span> <span class='ocrx_word' id='word_1_128' title='bbox 1627 1248 1651 1282; x_wconf 82' lang='grc'>8</span> 
     </span>
     <span class='ocr_line' id='line_1_17' title="bbox 98 1304 1600 1363; baseline -0.002 -15"><span class='ocrx_word' id='word_1_129' title='bbox 98 1304 253 1348; x_wconf 86' lang='lat' dir='ltr'><strong>citandi</strong></span> <span class='ocrx_word' id='word_1_130' title='bbox 297 1318 480 1349; x_wconf 78' lang='lat' dir='ltr'><strong>caussas</strong></span> <span class='ocrx_word' id='word_1_131' title='bbox 528 1320 710 1363; x_wconf 88' lang='lat' dir='ltr'><strong>sequor:</strong></span> <span class='ocrx_word' id='word_1_132' title='bbox 757 1307 934 1363; x_wconf 88' lang='lat' dir='ltr'><strong>primum</strong></span> <span class='ocrx_word' id='word_1_133' title='bbox 977 1305 1089 1363; x_wconf 86' lang='lat' dir='ltr'><strong>quod</strong></span> <span class='ocrx_word' id='word_1_134' title='bbox 1134 1306 1258 1362; x_wconf 79' lang='lat' dir='ltr'><strong>ipse,</strong></span> <span class='ocrx_word' id='word_1_135' title='bbox 1307 1305 1377 1362; x_wconf 86' lang='lat' dir='ltr'><strong>qni</strong></span> <span class='ocrx_word' id='word_1_136' title='bbox 1413 1305 1600 1360; x_wconf 51' lang='lat' dir='ltr'><strong>recitat,</strong></span> 
     </span>
     <span class='ocr_line' id='line_1_18' title="bbox 98 1364 1586 1431; baseline 0.002 -19"><span class='ocrx_word' id='word_1_137' title='bbox 98 1372 313 1428; x_wconf 83' lang='lat' dir='ltr'><strong>aliquanto</strong></span> <span class='ocrx_word' id='word_1_138' title='bbox 350 1375 493 1416; x_wconf 81' lang='lat' dir='ltr'><strong>acrius</strong></span> <span class='ocrx_word' id='word_1_139' title='bbox 529 1375 701 1430; x_wconf 86' lang='lat' dir='ltr'><strong>scriptis</strong></span> <span class='ocrx_word' id='word_1_140' title='bbox 736 1375 845 1428; x_wconf 80' lang='lat' dir='ltr'><strong>suiS,</strong></span> <span class='ocrx_word' id='word_1_141' title='bbox 881 1373 1116 1416; x_wconf 82' lang='lat' dir='ltr'><strong>auditorum</strong></span> <span class='ocrx_word' id='word_1_142' title='bbox 1143 1364 1404 1426; x_wconf 82' lang='lat' dir='ltr'><strong>reverentia,</strong></span> <span class='ocrx_word' id='word_1_143' title='bbox 1441 1373 1586 1431; x_wconf 83' lang='lat' dir='ltr'><strong>inten-</strong></span> 
     </span>
     <span class='ocr_line' id='line_1_19' title="bbox 101 1438 1584 1499; baseline 0.001 -19"><span class='ocrx_word' id='word_1_144' title='bbox 101 1438 186 1480; x_wconf 84' lang='lat' dir='ltr'><strong>dit:</strong></span> <span class='ocrx_word' id='word_1_145' title='bbox 231 1439 409 1493; x_wconf 88' lang='lat' dir='ltr'><strong>deinde,</strong></span> <span class='ocrx_word' id='word_1_146' title='bbox 455 1442 568 1497; x_wconf 88' lang='lat' dir='ltr'><strong>quod</strong></span> <span class='ocrx_word' id='word_1_147' title='bbox 615 1442 671 1485; x_wconf 91' lang='lat' dir='ltr'><strong>de</strong></span> <span class='ocrx_word' id='word_1_148' title='bbox 717 1443 868 1499; x_wconf 82' lang='lat' dir='ltr'><strong>quibus</strong></span> <span class='ocrx_word' id='word_1_149' title='bbox 914 1441 1103 1496; x_wconf 75' lang='lat' dir='ltr'><strong>dubitat,</strong></span> <span class='ocrx_word' id='word_1_150' title='bbox 1148 1442 1271 1498; x_wconf 77' lang='lat' dir='ltr'><strong>quasi</strong></span> <span class='ocrx_word' id='word_1_151' title='bbox 1318 1455 1376 1484; x_wconf 82' lang='lat' dir='ltr'><strong>ex·</strong></span> <span class='ocrx_word' id='word_1_152' title='bbox 1420 1438 1584 1484; x_wconf 89' lang='lat' dir='ltr'><strong>consilii</strong></span> 
     </span>
     <span class='ocr_line' id='line_1_20' title="bbox 100 1507 1648 1561; baseline 0.001 -14"><span class='ocrx_word' id='word_1_153' title='bbox 100 1507 315 1548; x_wconf 80' lang='lat' dir='ltr'><strong>sententia</strong></span> <span class='ocrx_word' id='word_1_154' title='bbox 351 1511 513 1549; x_wconf 88' lang='lat' dir='ltr'><strong>statuit.</strong></span> <span class='ocrx_word' id='word_1_155' title='bbox 582 1509 721 1550; x_wconf 84' lang='lat' dir='ltr'><strong>Multa</strong></span> <span class='ocrx_word' id='word_1_156' title='bbox 744 1511 869 1552; x_wconf 88' lang='lat' dir='ltr'><strong>etiam</strong></span> <span class='ocrx_word' id='word_1_157' title='bbox 905 1522 931 1550; x_wconf 91' lang='lat' dir='ltr'><strong>a</strong></span> <span class='ocrx_word' id='word_1_158' title='bbox 965 1510 1110 1551; x_wconf 84' lang='lat' dir='ltr'><strong>multis</strong></span> <span class='ocrx_word' id='word_1_159' title='bbox 1139 1508 1414 1552; x_wconf 84' lang='lat' dir='ltr'><strong>admonetur:</strong></span> <span class='ocrx_word' id='word_1_160' title='bbox 1452 1512 1510 1560; x_wconf 89' lang='lat' dir='ltr'><strong>et,</strong></span> <span class='ocrx_word' id='word_1_161' title='bbox 1545 1507 1582 1548; x_wconf 90' lang='lat' dir='ltr'><strong>si</strong></span> <span class='ocrx_word' id='word_1_162' title='bbox 1623 1527 1648 1561; x_wconf 84' lang='lat'>9</span> 
     </span>
     <span class='ocr_line' id='line_1_21' title="bbox 100 1572 1582 1631; baseline 0.001 -18"><span class='ocrx_word' id='word_1_163' title='bbox 100 1585 183 1614; x_wconf 85' lang='lat' dir='ltr'><strong>non</strong></span> <span class='ocrx_word' id='word_1_164' title='bbox 220 1572 509 1629; x_wconf 78' lang='lat' dir='ltr'><strong>admoneatur,</strong></span> <span class='ocrx_word' id='word_1_165' title='bbox 546 1574 644 1630; x_wconf 90' lang='lat' dir='ltr'><strong>quid</strong></span> <span class='ocrx_word' id='word_1_166' title='bbox 681 1576 860 1630; x_wconf 88' lang='lat' dir='ltr'><strong>quisque</strong></span> <span class='ocrx_word' id='word_1_167' title='bbox 897 1577 1071 1631; x_wconf 76' lang='lat' dir='ltr'><strong>sentiat,</strong></span> <span class='ocrx_word' id='word_1_168' title='bbox 1106 1576 1316 1631; x_wconf 86' lang='lat' dir='ltr'><strong>perspicit</strong></span> <span class='ocrx_word' id='word_1_169' title='bbox 1351 1589 1406 1618; x_wconf 85' lang='lat' dir='ltr'><strong>ex</strong></span> <span class='ocrx_word' id='word_1_170' title='bbox 1444 1575 1582 1629; x_wconf 71' lang='lat' dir='ltr'><strong>vultu,</strong></span> 
     </span>
     <span class='ocr_line' id='line_1_22' title="bbox 99 1640 1582 1699; baseline 0.001 -19"><span class='ocrx_word' id='word_1_171' title='bbox 99 1640 248 1694; x_wconf 68' lang='lat' dir='ltr'><strong>oculis9</strong></span> <span class='ocrx_word' id='word_1_172' title='bbox 284 1644 401 1693; x_wconf 82' lang='lat' dir='ltr'><strong>nutu,</strong></span> <span class='ocrx_word' id='word_1_173' title='bbox 435 1653 576 1693; x_wconf 87' lang='lat' dir='ltr'><strong>manu,</strong></span> <span class='ocrx_word' id='word_1_174' title='bbox 612 1654 847 1696; x_wconf 63' lang='lat' dir='ltr'><strong>murmure}</strong></span> <span class='ocrx_word' id='word_1_175' title='bbox 885 1643 1081 1699; x_wconf 78' lang='lat' dir='ltr'><strong>silenti03</strong></span> <span class='ocrx_word' id='word_1_176' title='bbox 1130 1654 1243 1698; x_wconf 88' lang='lat' dir='ltr'><strong>quae</strong></span> <span class='ocrx_word' id='word_1_177' title='bbox 1277 1642 1383 1682; x_wconf 83' lang='lat' dir='ltr'><strong>satis</strong></span> <span class='ocrx_word' id='word_1_178' title='bbox 1417 1641 1582 1697; x_wconf 85' lang='lat' dir='ltr'><strong>apertis</strong></span> 
     </span>
     <span class='ocr_line' id='line_1_23' title="bbox 100 1706 1650 1764; baseline 0.001 -16"><span class='ocrx_word' id='word_1_179' title='bbox 100 1706 212 1749; x_wconf 88' lang='lat' dir='ltr'><strong>notis</strong></span> <span class='ocrx_word' id='word_1_180' title='bbox 241 1706 445 1762; x_wconf 85' lang='lat' dir='ltr'><strong>judicium</strong></span> <span class='ocrx_word' id='word_1_181' title='bbox 483 1709 535 1749; x_wconf 87' lang='lat' dir='ltr'><strong>ab</strong></span> <span class='ocrx_word' id='word_1_182' title='bbox 572 1709 833 1751; x_wconf 84' lang='lat' dir='ltr'><strong>humanitate</strong></span> <span class='ocrx_word' id='word_1_183' title='bbox 868 1708 1131 1752; x_wconf 86' lang='lat' dir='ltr'><strong>discernunt.</strong></span> <span class='ocrx_word' id='word_1_184' title='bbox 1203 1710 1348 1764; x_wconf 86' lang='lat' dir='ltr'><strong>Atque</strong></span> <span class='ocrx_word' id='word_1_185' title='bbox 1383 1707 1517 1762; x_wconf 57' lang='lat' dir='ltr'><strong>adem·</strong></span> <span class='ocrx_word' id='word_1_186' title='bbox 1543 1707 1650 1756; x_wconf 82' lang='lat' dir='ltr'><strong>si10</strong></span> 
     </span>
    </p>
   </div>
   <div class='ocr_carea' id='block_1_3' title="bbox 97 1875 1579 1970">
    <p class='ocr_par' dir='ltr' id='par_1_3' title="bbox 97 1875 1579 1970">
     <span class='ocr_line' id='line_1_24' title="bbox 184 1875 1579 1916; baseline 0 -11"><span class='ocrx_word' id='word_1_187' title='bbox 184 1875 361 1915; x_wconf 71' lang='lat' dir='ltr'><strong>privata]</strong></span> <span class='ocrx_word' id='word_1_188' title='bbox 386 1875 528 1907; x_wconf 81' lang='lat' dir='ltr'><strong>Damals</strong></span> <span class='ocrx_word' id='word_1_189' title='bbox 554 1878 684 1908; x_wconf 81' lang='lat' dir='ltr'><strong>nannte</strong></span> <span class='ocrx_word' id='word_1_190' title='bbox 707 1884 789 1908; x_wconf 85' lang='lat' dir='ltr'><strong>man</strong></span> <span class='ocrx_word' id='word_1_191' title='bbox 814 1876 852 1908; x_wconf 83' lang='lat' dir='ltr'><strong>in</strong></span> <span class='ocrx_word' id='word_1_192' title='bbox 873 1876 963 1907; x_wconf 72' lang='lat' dir='ltr'><strong>Rom</strong></span> <span class='ocrx_word' id='word_1_193' title='bbox 998 1877 1067 1908; x_wconf 80' lang='lat' dir='ltr'><strong>alle</strong></span> <span class='ocrx_word' id='word_1_194' title='bbox 1091 1877 1334 1908; x_wconf 79' lang='lat' dir='ltr'><strong>Unterthanen</strong></span> <span class='ocrx_word' id='word_1_195' title='bbox 1356 1876 1503 1916; x_wconf 62' lang='lat' dir='ltr'><strong>priuati</strong></span> <span class='ocrx_word' id='word_1_196' title='bbox 1531 1875 1579 1906; x_wconf 89' lang='lat' dir='ltr'><strong>im</strong></span> 
     </span>
     <span class='ocr_line' id='line_1_25' title="bbox 97 1928 651 1970; baseline 0.005 -11"><span class='ocrx_word' id='word_1_197' title='bbox 97 1928 302 1970; x_wconf 80' lang='lat' dir='ltr'><strong>Gegensatz</strong></span> <span class='ocrx_word' id='word_1_198' title='bbox 326 1939 369 1961; x_wconf 88' lang='lat' dir='ltr'><strong>zu</strong></span> <span class='ocrx_word' id='word_1_199' title='bbox 395 1931 462 1962; x_wconf 91' lang='lat' dir='ltr'><strong>den</strong></span> <span class='ocrx_word' id='word_1_200' title='bbox 486 1932 651 1963; x_wconf 87' lang='lat' dir='ltr'><strong>Kaisern.</strong></span> 
     </span>
    </p>
   </div>
   <div class='ocr_carea' id='block_1_4' title="bbox 96 1996 1583 2318">
    <p class='ocr_par' dir='ltr' id='par_1_4' title="bbox 96 1996 1583 2318">
     <span class='ocr_line' id='line_1_26' title="bbox 187 1996 1583 2042; baseline 0.002 -16"><span class='ocrx_word' id='word_1_201' title='bbox 187 1996 222 2027; x_wconf 80' lang='lat'><strong>7.</strong></span> <span class='ocrx_word' id='word_1_202' title='bbox 247 1998 374 2034; x_wconf 75' lang='lat' dir='ltr'><strong>etiam]</strong></span> <span class='ocrx_word' id='word_1_203' title='bbox 409 1998 472 2028; x_wconf 76' lang='lat' dir='ltr'><strong>das</strong></span> <span class='ocrx_word' id='word_1_204' title='bbox 505 1999 540 2029; x_wconf 85' lang='lat' dir='ltr'><strong>in</strong></span> <span class='ocrx_word' id='word_1_205' title='bbox 571 1999 638 2030; x_wconf 85' lang='lat' dir='ltr'><strong>den</strong></span> <span class='ocrx_word' id='word_1_206' title='bbox 664 2000 858 2031; x_wconf 82' lang='lat' dir='ltr'><strong>Handschr.</strong></span> <span class='ocrx_word' id='word_1_207' title='bbox 893 2001 1136 2042; x_wconf 74' lang='lat' dir='ltr'><strong>mannigfaltig</strong></span> <span class='ocrx_word' id='word_1_208' title='bbox 1166 2002 1224 2033; x_wconf 82' lang='lat' dir='ltr'><strong>die</strong></span> <span class='ocrx_word' id='word_1_209' title='bbox 1255 2000 1365 2037; x_wconf 81' lang='lat' dir='ltr'><strong>Stelle</strong></span> <span class='ocrx_word' id='word_1_210' title='bbox 1387 1999 1583 2037; x_wconf 75' lang='lat' dir='ltr'><strong>¹wechselt⁹</strong></span> 
     </span>
     <span class='ocr_line' id='line_1_27' title="bbox 98 2052 1580 2096; baseline 0.002 -14"><span class='ocrx_word' id='word_1_211' title='bbox 98 2059 170 2082; x_wconf 87' lang='lat' dir='ltr'><strong>von</strong></span> <span class='ocrx_word' id='word_1_212' title='bbox 203 2052 270 2084; x_wconf 89' lang='lat' dir='ltr'><strong>den</strong></span> <span class='ocrx_word' id='word_1_213' title='bbox 302 2061 439 2084; x_wconf 85' lang='lat' dir='ltr'><strong>neuern</strong></span> <span class='ocrx_word' id='word_1_214' title='bbox 466 2054 740 2094; x_wconf 81' lang='lat' dir='ltr'><strong>Herausgebern</strong></span> <span class='ocrx_word' id='word_1_215' title='bbox 772 2055 859 2086; x_wconf 85' lang='lat' dir='ltr'><strong>aber</strong></span> <span class='ocrx_word' id='word_1_216' title='bbox 890 2056 976 2086; x_wconf 78' lang='lat' dir='ltr'><strong>nach</strong></span> <span class='ocrx_word' id='word_1_217' title='bbox 1004 2055 1114 2086; x_wconf 80' lang='lat' dir='ltr'><strong>Corte</strong></span> <span class='ocrx_word' id='word_1_218' title='bbox 1146 2058 1208 2086; x_wconf 81' lang='lat' dir='ltr'><strong>auf</strong></span> <span class='ocrx_word' id='word_1_219' title='bbox 1230 2058 1361 2088; x_wconf 64' lang='lat' dir='ltr'><strong>nescio</strong></span> <span class='ocrx_word' id='word_1_220' title='bbox 1392 2056 1480 2096; x_wconf 81' lang='lat' dir='ltr'><strong>folgt</strong></span> <span class='ocrx_word' id='word_1_221' title='bbox 1510 2055 1580 2091; x_wconf 86' lang='lat' dir='ltr'><strong>und</strong></span> 
     </span>
     <span class='ocr_line' id='line_1_28' title="bbox 97 2108 1581 2147; baseline 0.003 -10"><span class='ocrx_word' id='word_1_222' title='bbox 97 2108 153 2138; x_wconf 87' lang='lat' dir='ltr'><strong>die</strong></span> <span class='ocrx_word' id='word_1_223' title='bbox 177 2108 287 2140; x_wconf 74' lang='lat' dir='ltr'><strong>Steile</strong></span> <span class='ocrx_word' id='word_1_224' title='bbox 312 2111 412 2140; x_wconf 80' lang='lat' dir='ltr'><strong>einer</strong></span> <span class='ocrx_word' id='word_1_225' title='bbox 436 2109 713 2142; x_wconf 65' lang='lat' dir='ltr'><strong>einr-{iumenden</strong></span> <span class='ocrx_word' id='word_1_226' title='bbox 737 2110 900 2142; x_wconf 78' lang='lat' dir='ltr'><strong>Partikel</strong></span> <span class='ocrx_word' id='word_1_227' title='bbox 939 2112 1103 2147; x_wconf 77' lang='lat' dir='ltr'><strong>verti-itt,</strong></span> <span class='ocrx_word' id='word_1_228' title='bbox 1135 2109 1253 2143; x_wconf 82' lang='lat' dir='ltr'><strong>diirfte</strong></span> <span class='ocrx_word' id='word_1_229' title='bbox 1285 2113 1361 2145; x_wconf 74' lang='lat' dir='ltr'><strong>hier</strong></span> <span class='ocrx_word' id='word_1_230' title='bbox 1391 2112 1491 2141; x_wconf 88' lang='lat' dir='ltr'><strong>diese</strong></span> <span class='ocrx_word' id='word_1_231' title='bbox 1514 2113 1581 2141; x_wconf 81' lang='lat' dir='ltr'><strong>Be-</strong></span> 
     </span>
     <span class='ocr_line' id='line_1_29' title="bbox 96 2163 1580 2205; baseline 0.001 -12"><span class='ocrx_word' id='word_1_232' title='bbox 96 2163 250 2203; x_wconf 79' lang='lat' dir='ltr'><strong>deutung</strong></span> <span class='ocrx_word' id='word_1_233' title='bbox 283 2166 377 2196; x_wconf 86' lang='lat' dir='ltr'><strong>nicht</strong></span> <span class='ocrx_word' id='word_1_234' title='bbox 413 2166 609 2205; x_wconf 79' lang='lat' dir='ltr'><strong>behaupten</strong></span> <span class='ocrx_word' id='word_1_235' title='bbox 643 2167 807 2203; x_wconf 69' lang='lat' dir='ltr'><strong>konnen,</strong></span> <span class='ocrx_word' id='word_1_236' title='bbox 842 2167 885 2196; x_wconf 82' lang='lat' dir='ltr'><strong>da</strong></span> <span class='ocrx_word' id='word_1_237' title='bbox 917 2166 974 2197; x_wconf 88' lang='lat' dir='ltr'><strong>ein</strong></span> <span class='ocrx_word' id='word_1_238' title='bbox 1006 2168 1234 2197; x_wconf 82' lang='lat' dir='ltr'><strong>entschieden</strong></span> <span class='ocrx_word' id='word_1_239' title='bbox 1267 2166 1580 2204; x_wconf 80' lang='lat' dir='ltr'><strong>ausgesprochuer</strong></span> 
     </span>
     <span class='ocr_line' id='line_1_30' title="bbox 96 2219 1579 2262; baseline 0.001 -14"><span class='ocrx_word' id='word_1_240' title='bbox 96 2219 258 2257; x_wconf 81' lang='lat' dir='ltr'><strong>Zweisel‚</strong></span> <span class='ocrx_word' id='word_1_241' title='bbox 285 2221 376 2251; x_wconf 81' lang='lat' dir='ltr'><strong>nicht</strong></span> <span class='ocrx_word' id='word_1_242' title='bbox 400 2223 481 2253; x_wconf 88' lang='lat' dir='ltr'><strong>eine</strong></span> <span class='ocrx_word' id='word_1_243' title='bbox 500 2223 736 2262; x_wconf 78' lang='lat' dir='ltr'><strong>Behauptung‚</strong></span> <span class='ocrx_word' id='word_1_244' title='bbox 759 2223 815 2253; x_wconf 88' lang='lat' dir='ltr'><strong>die</strong></span> <span class='ocrx_word' id='word_1_245' title='bbox 840 2222 1059 2261; x_wconf 76' lang='lat' dir='ltr'><strong>eingeriiumt</strong></span> <span class='ocrx_word' id='word_1_246' title='bbox 1085 2223 1233 2254; x_wconf 81' lang='lat' dir='ltr'><strong>werden</strong></span> <span class='ocrx_word' id='word_1_247' title='bbox 1257 2222 1402 2262; x_wconf 68' lang='lat' dir='ltr'><strong>klinnte,</strong></span> <span class='ocrx_word' id='word_1_248' title='bbox 1427 2229 1579 2252; x_wconf 82' lang='lat' dir='ltr'><strong>vorans-</strong></span> 
     </span>
     <span class='ocr_line' id='line_1_31' title="bbox 96 2275 1371 2318; baseline 0.003 -14"><span class='ocrx_word' id='word_1_249' title='bbox 96 2275 191 2313; x_wconf 80' lang='lat' dir='ltr'><strong>geht.</strong></span> <span class='ocrx_word' id='word_1_250' title='bbox 239 2276 421 2317; x_wconf 76' lang='lat' dir='ltr'><strong>Richtiger</strong></span> <span class='ocrx_word' id='word_1_251' title='bbox 445 2277 532 2308; x_wconf 80' lang='lat' dir='ltr'><strong>fehlt</strong></span> <span class='ocrx_word' id='word_1_252' title='bbox 557 2286 596 2308; x_wconf 83' lang='lat' dir='ltr'><strong>es</strong></span> <span class='ocrx_word' id='word_1_253' title='bbox 621 2280 728 2309; x_wconf 83' lang='lat' dir='ltr'><strong>daher</strong></span> <span class='ocrx_word' id='word_1_254' title='bbox 755 2279 807 2308; x_wconf 89' lang='lat' dir='ltr'><strong>bei</strong></span> <span class='ocrx_word' id='word_1_255' title='bbox 834 2275 943 2308; x_wconf 78' lang='lat' dir='ltr'><strong>A&#39;ldus</strong></span> <span class='ocrx_word' id='word_1_256' title='bbox 969 2278 1036 2308; x_wconf 88' lang='lat' dir='ltr'><strong>und</strong></span> <span class='ocrx_word' id='word_1_257' title='bbox 1061 2280 1106 2309; x_wconf 79' lang='lat' dir='ltr'><strong>irn</strong></span> <span class='ocrx_word' id='word_1_258' title='bbox 1133 2278 1240 2318; x_wconf 78' lang='lat' dir='ltr'><strong>Prag.</strong></span> <span class='ocrx_word' id='word_1_259' title='bbox 1266 2287 1371 2317; x_wconf 73' lang='lat' dir='ltr'><strong>ganz.</strong></span> 
     </span>
    </p>
   </div>
   <div class='ocr_carea' id='block_1_5' title="bbox 98 2343 1582 2660">
    <p class='ocr_par' dir='ltr' id='par_1_5' title="bbox 98 2343 1582 2660">
     <span class='ocr_line' id='line_1_32' title="bbox 187 2343 1580 2385; baseline 0.001 -13"><span class='ocrx_word' id='word_1_260' title='bbox 187 2343 418 2380; x_wconf 76' lang='lat' dir='ltr'><strong>constantia]</strong></span> <span class='ocrx_word' id='word_1_261' title='bbox 453 2345 520 2375; x_wconf 84' lang='lat' dir='ltr'><strong>Die</strong></span> <span class='ocrx_word' id='word_1_262' title='bbox 545 2345 736 2385; x_wconf 81' lang='lat' dir='ltr'><strong>Ausgaben</strong></span> <span class='ocrx_word' id='word_1_263' title='bbox 763 2346 860 2375; x_wconf 87' lang='lat' dir='ltr'><strong>lesen</strong></span> <span class='ocrx_word' id='word_1_264' title='bbox 887 2347 963 2376; x_wconf 86' lang='lat' dir='ltr'><strong>hier</strong></span> <span class='ocrx_word' id='word_1_265' title='bbox 987 2346 1079 2376; x_wconf 86' lang='lat' dir='ltr'><strong>ohne</strong></span> <span class='ocrx_word' id='word_1_266' title='bbox 1104 2346 1304 2375; x_wconf 78' lang='lat' dir='ltr'><strong>Ausnalime</strong></span> <span class='ocrx_word' id='word_1_267' title='bbox 1329 2345 1417 2375; x_wconf 82' lang='lat' dir='ltr'><strong>nach</strong></span> <span class='ocrx_word' id='word_1_268' title='bbox 1443 2344 1580 2375; x_wconf 76' lang='lat' dir='ltr'><strong>Casan-</strong></span> 
     </span>
     <span class='ocr_line' id='line_1_33' title="bbox 99 2396 1582 2437; baseline 0.003 -12"><span class='ocrx_word' id='word_1_269' title='bbox 99 2396 212 2426; x_wconf 82' lang='lat' dir='ltr'><strong>bonus</strong></span> <span class='ocrx_word' id='word_1_270' title='bbox 235 2398 479 2437; x_wconf 53' lang='lat' dir='ltr'><strong>con-scientim</strong></span> <span class='ocrx_word' id='word_1_271' title='bbox 505 2400 548 2430; x_wconf 85' lang='lat' dir='ltr'><strong>da</strong></span> <span class='ocrx_word' id='word_1_272' title='bbox 571 2401 657 2430; x_wconf 81' lang='lat' dir='ltr'><strong>aber</strong></span> <span class='ocrx_word' id='word_1_273' title='bbox 682 2400 750 2431; x_wconf 82' lang='lat' dir='ltr'><strong>alle</strong></span> <span class='ocrx_word' id='word_1_274' title='bbox 775 2401 1045 2431; x_wconf 78' lang='lat' dir='ltr'><strong>Handschristen</strong></span> <span class='ocrx_word' id='word_1_275' title='bbox 1070 2400 1281 2431; x_wconf 65' lang='lat' dir='ltr'><strong>constantia,</strong></span> <span class='ocrx_word' id='word_1_276' title='bbox 1306 2400 1440 2437; x_wconf 81' lang='lat' dir='ltr'><strong>haben,</strong></span> <span class='ocrx_word' id='word_1_277' title='bbox 1466 2399 1582 2429; x_wconf 82' lang='lat' dir='ltr'><strong>konu-</strong></span> 
     </span>
     <span class='ocr_line' id='line_1_34' title="bbox 98 2453 1580 2496; baseline 0.002 -14"><span class='ocrx_word' id='word_1_278' title='bbox 98 2457 156 2483; x_wconf 89' lang='lat' dir='ltr'><strong>ten</strong></span> <span class='ocrx_word' id='word_1_279' title='bbox 181 2454 252 2483; x_wconf 80' lang='lat' dir='ltr'><strong>wir</strong></span> <span class='ocrx_word' id='word_1_280' title='bbox 276 2461 340 2483; x_wconf 87' lang='lat' dir='ltr'><strong>uns</strong></span> <span class='ocrx_word' id='word_1_281' title='bbox 366 2455 461 2485; x_wconf 80' lang='lat' dir='ltr'><strong>nicht</strong></span> <span class='ocrx_word' id='word_1_282' title='bbox 485 2455 754 2493; x_wconf 82' lang='lat' dir='ltr'><strong>entscnliesseu‚</strong></span> <span class='ocrx_word' id='word_1_283' title='bbox 771 2453 882 2496; x_wconf 85' lang='lat' dir='ltr'><strong>jenen</strong></span> <span class='ocrx_word' id='word_1_284' title='bbox 906 2464 950 2490; x_wconf 87' lang='lat' dir='ltr'><strong>zu</strong></span> <span class='ocrx_word' id='word_1_285' title='bbox 974 2456 1108 2494; x_wconf 80' lang='lat' dir='ltr'><strong>folgen.</strong></span> <span class='ocrx_word' id='word_1_286' title='bbox 1159 2455 1369 2485; x_wconf 72' lang='lat' dir='ltr'><strong>constantia</strong></span> <span class='ocrx_word' id='word_1_287' title='bbox 1389 2456 1459 2485; x_wconf 78' lang='lat' dir='ltr'><strong>ist:</strong></span> <span class='ocrx_word' id='word_1_288' title='bbox 1485 2454 1580 2486; x_wconf 80' lang='lat' dir='ltr'><strong>Cha-</strong></span> 
     </span>
     <span class='ocr_line' id='line_1_35' title="bbox 100 2506 1580 2550; baseline 0.003 -14"><span class='ocrx_word' id='word_1_289' title='bbox 100 2506 423 2548; x_wconf 79' lang='lat' dir='ltr'><strong>rakterfestigkeit,</strong></span> <span class='ocrx_word' id='word_1_290' title='bbox 447 2510 826 2550; x_wconf 70' lang='lat' dir='ltr'><strong>Selbstbewusstsein5</strong></span> <span class='ocrx_word' id='word_1_291' title='bbox 852 2511 953 2542; x_wconf 87' lang='lat' dir='ltr'><strong>diese</strong></span> <span class='ocrx_word' id='word_1_292' title='bbox 969 2509 1187 2541; x_wconf 70' lang='lat' dir='ltr'><strong>bescnritnkt</strong></span> <span class='ocrx_word' id='word_1_293' title='bbox 1206 2517 1276 2540; x_wconf 87' lang='lat' dir='ltr'><strong>nun</strong></span> <span class='ocrx_word' id='word_1_294' title='bbox 1291 2510 1437 2549; x_wconf 63' lang='lat' dir='ltr'><strong>Plinium,</strong></span> <span class='ocrx_word' id='word_1_295' title='bbox 1461 2510 1580 2541; x_wconf 80' lang='lat' dir='ltr'><strong>dieser</strong></span> 
     </span>
     <span class='ocr_line' id='line_1_36' title="bbox 98 2559 1578 2603; baseline 0.005 -14"><span class='ocrx_word' id='word_1_296' title='bbox 98 2559 175 2599; x_wconf 80' lang='lat' dir='ltr'><strong>legt</strong></span> <span class='ocrx_word' id='word_1_297' title='bbox 205 2568 246 2591; x_wconf 87' lang='lat' dir='ltr'><strong>er</strong></span> <span class='ocrx_word' id='word_1_298' title='bbox 276 2563 332 2592; x_wconf 88' lang='lat' dir='ltr'><strong>ein</strong></span> <span class='ocrx_word' id='word_1_299' title='bbox 357 2563 460 2592; x_wconf 79' lang='lat' dir='ltr'><strong>Maas</strong></span> <span class='ocrx_word' id='word_1_300' title='bbox 491 2565 664 2595; x_wconf 81' lang='lat' dir='ltr'><strong>insoweit</strong></span> <span class='ocrx_word' id='word_1_301' title='bbox 696 2574 741 2596; x_wconf 85' lang='lat' dir='ltr'><strong>an</strong></span> <span class='ocrx_word' id='word_1_302' title='bbox 775 2566 1030 2603; x_wconf 76' lang='lat' dir='ltr'><strong>(modestior),</strong></span> <span class='ocrx_word' id='word_1_303' title='bbox 1062 2566 1145 2595; x_wconf 79' lang='lat' dir='ltr'><strong>dass</strong></span> <span class='ocrx_word' id='word_1_304' title='bbox 1179 2573 1220 2595; x_wconf 83' lang='lat' dir='ltr'><strong>er</strong></span> <span class='ocrx_word' id='word_1_305' title='bbox 1254 2566 1350 2597; x_wconf 77' lang='lat' dir='ltr'><strong>nicht</strong></span> <span class='ocrx_word' id='word_1_306' title='bbox 1374 2566 1473 2601; x_wconf 81' lang='lat' dir='ltr'><strong>Alles</strong></span> <span class='ocrx_word' id='word_1_307' title='bbox 1501 2566 1578 2597; x_wconf 85' lang='lat' dir='ltr'><strong>blos</strong></span> 
     </span>
     <span class='ocr_line' id='line_1_37' title="bbox 99 2614 938 2660; baseline 0.008 -16"><span class='ocrx_word' id='word_1_308' title='bbox 99 2614 190 2644; x_wconf 81' lang='lat' dir='ltr'><strong>nach</strong></span> <span class='ocrx_word' id='word_1_309' title='bbox 215 2615 352 2655; x_wconf 78' lang='lat' dir='ltr'><strong>eignem</strong></span> <span class='ocrx_word' id='word_1_310' title='bbox 377 2616 588 2649; x_wconf 82' lang='lat' dir='ltr'><strong>Gutdiinken</strong></span> <span class='ocrx_word' id='word_1_311' title='bbox 615 2620 822 2651; x_wconf 84' lang='lat' dir='ltr'><strong>bestimmen</strong></span> <span class='ocrx_word' id='word_1_312' title='bbox 848 2629 938 2660; x_wconf 87' lang='lat' dir='ltr'><strong>mag.</strong></span> 
     </span>
    </p>
   </div>
   <div class='ocr_carea' id='block_1_6' title="bbox 98 2682 1578 2779">
    <p class='ocr_par' dir='ltr' id='par_1_6' title="bbox 98 2682 1578 2779">
     <span class='ocr_line' id='line_1_38' title="bbox 186 2682 1578 2728; baseline 0.006 -17"><span class='ocrx_word' id='word_1_313' title='bbox 186 2682 220 2711; x_wconf 72' lang='grc' dir='ltr'><strong>Β.</strong></span> <span class='ocrx_word' id='word_1_314' title='bbox 244 2683 453 2720; x_wconf 78' lang='lat' dir='ltr'><strong>intendere]</strong></span> <span class='ocrx_word' id='word_1_315' title='bbox 480 2685 541 2714; x_wconf 84' lang='lat' dir='ltr'><strong>mit.</strong></span> <span class='ocrx_word' id='word_1_316' title='bbox 563 2685 642 2716; x_wconf 87' lang='lat' dir='ltr'><strong>dem</strong></span> <span class='ocrx_word' id='word_1_317' title='bbox 659 2685 765 2717; x_wconf 84' lang='lat' dir='ltr'><strong>Dativ</strong></span> <span class='ocrx_word' id='word_1_318' title='bbox 790 2684 849 2718; x_wconf 85' lang='lat' dir='ltr'><strong>fiir</strong></span> <span class='ocrx_word' id='word_1_319' title='bbox 866 2687 931 2722; x_wconf 84' lang='lat' dir='ltr'><strong>das</strong></span> <span class='ocrx_word' id='word_1_320' title='bbox 955 2687 1246 2728; x_wconf 80' lang='lat' dir='ltr'><strong>gewiihnlichere</strong></span> <span class='ocrx_word' id='word_1_321' title='bbox 1270 2690 1434 2721; x_wconf 77' lang='lat' dir='ltr'><strong>animum</strong></span> <span class='ocrx_word' id='word_1_322' title='bbox 1458 2690 1578 2721; x_wconf 76' lang='lat' dir='ltr'><strong>inteu-</strong></span> 
     </span>
     <span class='ocr_line' id='line_1_39' title="bbox 98 2735 528 2779; baseline 0.009 -12"><span class='ocrx_word' id='word_1_323' title='bbox 98 2735 194 2777; x_wconf 84' lang='lat' dir='ltr'><strong>dere,</strong></span> <span class='ocrx_word' id='word_1_324' title='bbox 221 2738 335 2778; x_wconf 85' lang='lat' dir='ltr'><strong>vergi.</strong></span> <span class='ocrx_word' id='word_1_325' title='bbox 357 2739 392 2779; x_wconf 81' lang='lat' dir='ltr'><strong>S,</strong></span> <span class='ocrx_word' id='word_1_326' title='bbox 417 2739 471 2777; x_wconf 84' lang='lat'><strong>19,</strong></span> <span class='ocrx_word' id='word_1_327' title='bbox 494 2741 528 2771; x_wconf 79' lang='lat'><strong>2.</strong></span> 
     </span>
    </p>
   </div>
   <div class='ocr_carea' id='block_1_7' title="bbox 97 2801 1576 2908">
    <p class='ocr_par' dir='ltr' id='par_1_7' title="bbox 97 2801 1576 2908">
     <span class='ocr_line' id='line_1_40' title="bbox 186 2801 1576 2847; baseline 0.006 -13"><span class='ocrx_word' id='word_1_328' title='bbox 186 2804 219 2834; x_wconf 83' lang='lat'><strong>9.</strong></span> <span class='ocrx_word' id='word_1_329' title='bbox 237 2801 423 2842; x_wconf 65' lang='lat' dir='ltr'><strong>judicium</strong></span> <span class='ocrx_word' id='word_1_330' title='bbox 457 2824 499 2830; x_wconf 77' lang='lat'><em>—</em></span> <span class='ocrx_word' id='word_1_331' title='bbox 531 2807 766 2846; x_wconf 71' lang='lat' dir='ltr'><strong>discernunt]</strong></span> <span class='ocrx_word' id='word_1_332' title='bbox 801 2808 1017 2842; x_wconf 76' lang='lat' dir='ltr'><strong>humanitas</strong></span> <span class='ocrx_word' id='word_1_333' title='bbox 1050 2811 1215 2847; x_wconf 79' lang='lat' dir='ltr'><strong>bedentet</strong></span> <span class='ocrx_word' id='word_1_334' title='bbox 1245 2813 1342 2844; x_wconf 83' lang='lat' dir='ltr'><strong>hier:</strong></span> <span class='ocrx_word' id='word_1_335' title='bbox 1373 2813 1576 2845; x_wconf 70' lang='lat' dir='ltr'><strong>VVohlwol-</strong></span> 
     </span>
     <span class='ocr_line' id='line_1_41' title="bbox 97 2859 1576 2908; baseline 0.006 -19"><span class='ocrx_word' id='word_1_336' title='bbox 97 2859 178 2900; x_wconf 84' lang='lat' dir='ltr'><strong>len,</strong></span> <span class='ocrx_word' id='word_1_337' title='bbox 203 2859 376 2904; x_wconf 44' lang='lat' dir='ltr'><strong>‚giinstige</strong></span> <span class='ocrx_word' id='word_1_338' title='bbox 408 2864 590 2905; x_wconf 80' lang='lat' dir='ltr'><strong>Meinung,</strong></span> <span class='ocrx_word' id='word_1_339' title='bbox 630 2866 870 2907; x_wconf 80' lang='lat' dir='ltr'><strong>nachsichtige</strong></span> <span class='ocrx_word' id='word_1_340' title='bbox 911 2867 1177 2908; x_wconf 76' lang='lat' dir='ltr'><strong>Reuttlieilung.</strong></span> <span class='ocrx_word' id='word_1_341' title='bbox 1235 2869 1338 2900; x_wconf 84' lang='lat' dir='ltr'><strong>Sinn:</strong></span> <span class='ocrx_word' id='word_1_342' title='bbox 1379 2869 1454 2900; x_wconf 85' lang='lat' dir='ltr'><strong>Aus</strong></span> <span class='ocrx_word' id='word_1_343' title='bbox 1483 2868 1576 2898; x_wconf 81' lang='lat' dir='ltr'><strong>allen</strong></span> 
     </span>
    </p>
   </div>
  </div>
 </body>
</html>
