1855 3200
667 182 765 219 liber
795 185 971 220 octavus.
1473 184 1494 223 l
1505 180 1574 225 99

718 321 952 368 XXIII.

406 432 459 481 C.
496 433 685 482 Plinius
722 433 1016 483 illareellino
1052 434 1157 483 Suo
1193 435 1247 483 S.

228 537 380 581 Omnia
416 537 517 579 mihi
553 538 709 595 studia,
746 551 894 581 omnes
930 551 1082 592 curas,
1119 541 1257 582 omnia
1292 546 1574 584 avocamenta

95 605 266 659 exemit,
304 606 512 659 excussit,
550 606 703 661 eripuit
739 605 873 659 dolor,
911 620 1036 661 quem
1074 620 1127 650 ex
1156 610 1291 650 morte
1311 607 1430 649 Junii
1452 608 1571 651 Aviti

93 672 398 728 gravissimum
433 672 544 727 cepi.
613 672 765 713 Latum
802 673 967 714 clavum
1005 675 1046 715 in
1082 673 1203 716 domo
1229 686 1320 716 mea
1350 673 1571 717 induerat:

94 739 299 794 suffragio
343 751 435 780 meo
482 738 654 793 adjutus
697 740 736 780 in
782 739 982 794 petendis
1028 740 1258 783 honoribus
1300 741 1461 783 fuerat:
1518 741 1572 783 ad

94 805 198 859 hoc,
243 805 301 846 ita
342 818 411 848 me
456 805 688 863 diligebat,
736 806 795 846 ita
839 806 1095 861 verebatur,
1142 813 1188 850 ut
1234 821 1300 849 me
1346 808 1574 850 formatore

94 884 270 928 morum,
307 884 374 913 me
411 872 533 927 quasi
568 873 772 927 magistro
809 877 1013 915 uteretur.
1083 874 1243 916 Rarum
1272 874 1351 916 hoc
1387 875 1428 915 in
1465 873 1572 916 ado-

95 938 358 980 lescentibus
394 939 568 980 nostris.
638 940 746 980 Nam
769 940 1109 995 quotusquisque
1132 941 1203 983 vel
1226 942 1354 982 aetati
1380 940 1570 996 alterius,

93 1005 168 1047 vel
205 1005 473 1057 auctoritati,
519 1008 562 1046 ut
596 1005 732 1047 minor
768 1000 915 1048 cedit?
994 1006 1151 1049 Statim
1186 1009 1380 1063 sapiunt,
1431 1009 1572 1047 statim

95 1072 238 1114 sciunt
273 1072 426 1125 omnia,
464 1072 675 1114 neminem
692 1077 912 1125 verentur,
948 1073 1163 1114 imitantur
1184 1074 1406 1128 neminem,
1445 1077 1573 1128 atquc

93 1138 177 1194 ipsi
223 1138 303 1179 sibi
349 1138 547 1193 exempla
590 1143 705 1179 sunt.
785 1136 879 1180 Sed
926 1151 1009 1180 non
1056 1140 1240 1196 Avitus3
1297 1141 1418 1193 cujus
1466 1140 1573 1181 haec

93 1205 325 1260 praecipua
360 1203 601 1259 prudentia,
639 1203 749 1260 quod
786 1205 893 1246 alios
928 1204 1229 1259 prudentiores
1264 1205 1572 1260 arbitrabatur,

95 1271 201 1313 haec
236 1270 470 1327 praecipua
506 1269 710 1323 eruditio,
756 1269 868 1326 quod
906 1269 1076 1314 discere
1121 1272 1308 1314 volebat.
1389 1270 1575 1327 Semper

94 1338 167 1380 ille
203 1342 276 1379 aut
311 1337 366 1380 de
401 1337 553 1380 studiis
578 1336 752 1394 aliquid,
790 1342 861 1379 aut
897 1336 953 1381 de
989 1338 1138 1380 officiis
1158 1338 1278 1381 vitae
1297 1338 1574 1380 consulebat:

96 1417 266 1458 semper
300 1405 358 1445 ita
393 1403 638 1461 recedebat,
678 1408 722 1446 ut
759 1405 903 1447 melior
938 1405 1104 1447 factus:
1142 1409 1185 1447 et
1209 1410 1303 1447 erat
1328 1405 1468 1447 factus
1503 1406 1574 1446 vel

98 1483 174 1526 eo,
220 1469 332 1525 quod
378 1470 597 1527 audierat,
645 1471 719 1513 vel
756 1470 866 1525 quod
902 1472 1070 1512 omnino
1106 1472 1367 1527 quaesierat.
1451 1470 1574 1524 Quod

95 1537 168 1579 ille
198 1536 446 1592 obsequium
470 1535 701 1592 Serviano,
726 1537 1001 1579 exactissimo
1025 1539 1133 1591 viro,
1171 1532 1417 1592 praestitit?
1453 1551 1576 1592 quem

187 1708 379 1743 XXIII.
404 1710 650 1747 Marcellino]
676 1720 705 1741 s.
732 1721 776 1742 zu
801 1714 833 1752 5,
862 1713 912 1742 16.

189 1778 219 1806 1.
243 1777 376 1812 curae]
411 1777 487 1807 sind
522 1781 643 1809 ernste
677 1778 992 1818 Besehiiftigungen
1023 1778 1112 1809 aller
1148 1779 1233 1817 Art,
1266 1778 1322 1809 die
1354 1774 1484 1809 unser'e
1514 1779 1577 1810 be-

97 1832 250 1863 sondere
276 1831 604 1863 Aufmerksamkeit
627 1834 662 1862 in
688 1833 870 1873 Anspruch
895 1833 1064 1874 nehmen,
1098 1835 1213 1872 Quint.
1239 1833 1297 1875 10,
1322 1833 1355 1874 ’7,
1379 1833 1433 1864 29.
1461 1834 1576 1864 Tacit.

98 1887 189 1917 Dial.
213 1886 270 1917 28.

189 1953 451 1989 avocamenta]
477 1961 505 1983 s.
532 1961 580 1983 zu
593 1953 626 1991 8,
651 1955 683 1992 5,
708 1955 740 1984 3.
768 1953 837 1983 und
866 1954 898 1994 1,
922 1953 980 1994 24,
1005 1955 1037 1984 3.
1066 1956 1148 1986 Hier
1173 1955 1249 1986 sind
1274 1956 1577 1995 Zeu-streuungem

100 2007 219 2047 Spiele
244 2007 414 2038 darunter
438 2015 482 2037 zu
510 2008 712 2038 verstehen.

188 2074 222 2104 2.
248 2073 380 2105 Latum
407 2074 573 2110 clavum]
600 2082 628 2103 s.
654 2082 700 2104 zu
726 2074 760 2109 2,
784 2074 816 2113 9,
840 2074 871 2104 2.
923 2075 997 2105 Den
1023 2076 1158 2106 breiten
1185 2074 1430 2113 Purpurstreif
1460 2074 1576 2113 legten

99 2129 157 2160 die
182 2128 298 2159 Siihue
323 2129 385 2159 de'r
410 2129 608 2159 Senatoren
634 2137 690 2169 au,
717 2137 824 2160 wenn
849 2131 902 2160 sie
924 2132 958 2161 in
983 2130 1049 2161 den
1074 2131 1305 2161 Staatsdienst
1330 2132 1442 2160 treteu
1467 2129 1576 2159 woll-

100 2187 171 2215 ten.
219 2185 265 2214 Es
289 2183 438 2223 geliiirte
471 2184 534 2214 der
560 2183 657 2224 Tag,
694 2192 752 2214 wo
787 2184 880 2215 diess
913 2187 1083 2225 gescliali,
1117 2193 1161 2215 zu
1194 2184 1261 2215 den
1295 2184 1517 2214 sestlichsten
1540 2185 1576 2213 in

100 2240 180 2270 dem
206 2238 326 2270 beben
351 2239 449 2269 eines
468 2236 607 2278 jungen
631 2240 800 2279 Mannes,
837 2240 946 2270 daher
970 2241 1046 2270 hier
1069 2241 1203 2270 Plinius
1229 2241 1329 2270 einen
1357 2239 1576 2270 besouderen

103 2293 234 2325 Werth
257 2294 383 2325 darauf
401 2295 475 2335 legt
491 2316 500 2333 ,
526 2294 608 2324 dass
634 2302 674 2324 es
699 2296 734 2324 in
759 2296 893 2325 seinem
918 2295 1038 2324 Hause
1064 2295 1232 2335 gescliah.

191 2360 223 2389 3.
247 2361 289 2390 ut
311 2361 452 2397 minor]
478 2371 523 2388 =
547 2360 588 2392 ut
614 2359 788 2402 inferior,
820 2362 954 2392 ebenso
990 2361 1085 2392 steht
1110 2369 1149 2391 es
1181 2360 1296 2391 Tacit.
1321 2359 1440 2390 Germ.
1464 2359 1520 2398 39,
1543 2359 1577 2389 3.

107 2413 222 2454 vergl.
248 2415 333 2444 Hor.
360 2413 422 2445 Od.
450 2416 479 2456 1,
507 2416 563 2455 12,
587 2415 642 2446 57.
667 2416 700 2457 3,
725 2416 756 2453 6,
782 2418 817 2447 5.

194 2480 318 2510 sciunt
339 2481 479 2516 omnia]
507 2482 539 2511 d.
564 2482 595 2511 Ιι.
620 2482 673 2512 sie
696 2481 864 2521 glauben,
901 2482 954 2511 sie
977 2480 1090 2520 geben
1115 2481 1190 2511 sich
1214 2481 1276 2511 das
1303 2481 1456 2521 Ansehn,
1482 2481 1577 2512 Alles

108 2543 151 2565 zu
177 2536 333 2571 wissen3
358 2543 399 2565 so
424 2535 515 2566 wird
540 2535 649 2575 scire,
673 2537 815 2566 nescire
838 2535 888 2566 oft
913 2537 1119 2575 gebraucht,
1143 2536 1253 2566 Plaut.
1277 2536 1349 2567 Mil.
1373 2536 1408 2573 2,
1432 2536 1465 2566 6.

194 2600 227 2630 4.
253 2599 458 2637 consulere]
483 2602 544 2631 mit
568 2601 645 2631 dem
673 2603 866 2632 Accusativ
893 2602 954 2632 des
978 2601 1262 2641 Gegenstandes‚
1294 2599 1382 2634 iiber
1403 2602 1472 2633 den
1495 2609 1577 2633 man

106 2655 182 2685 sich
205 2655 314 2685 Baths
346 2655 482 2694 erholt‚
514 2653 632 2686 diirfte
667 2657 764 2687 nicht
799 2656 1063 2687 naclizuahmen
1088 2657 1186 2695 sein;
1220 2654 1388 2697 iibrigeus
1421 2658 1515 2688 steht
1538 2664 1578 2687 es

108 2710 186 2742 hier
210 2712 296 2741 nach
328 2709 507 2749 spaterem
533 2711 842 2750 Sprachgebrauch
868 2708 926 2741 fiir
950 2711 1196 2751 interroyare,
1228 2720 1258 2742 s.
1283 2713 1378 2743 Suet.
1404 2712 1496 2752 Aug.
1521 2711 1577 2741 98.

199 2778 232 2807 5.
257 2777 433 2813 emactusl
458 2774 516 2808 fiir
542 2776 732 2817 perfectas
762 2776 890 2816 gemin
923 2779 995 2808 wie
1019 2777 1146 2810 «ταῦτα
1171 2786 1214 2809 zu
1239 2778 1303 2809 den
1332 2775 1581 2809 Ausdriicken.

112 2832 249 2863 welche
275 2831 350 2863 blos
375 2832 438 2863 das
463 2832 617 2862 silberne
640 2831 811 2863 Zeitalter
834 2831 964 2862 kanuto

1614 550 1635 585 μ»

1614 675 1639 710 ἰὶ
