1855 3200
261 223 282 264 ί
291 221 360 264 80
806 227 923 265 Plinii
936 263 939 266 ,
954 227 1206 275 epistolarum

250 341 383 397 jactis
418 340 663 383 fulminibus
697 342 819 397 quasi
854 342 1100 398 ambustus,
1146 340 1245 383 mihi
1290 354 1459 397 quoque
1493 339 1742 399 impendere

218 407 368 452 4idem
405 408 599 462 exitium,
656 409 785 451 certis
835 407 1085 464 quibusdam
1139 409 1250 450 notis
1307 421 1556 463 augurarer.
1640 410 1743 451 Non

257 475 354 518 ideo
390 480 531 518 tamen
569 476 763 518 eximiam
797 476 974 530 gloriam
1009 475 1223 518 meruisse
1258 488 1339 530 me,
1376 480 1423 517 ut
1456 477 1527 519 ille
1564 475 1742 537 praedi-

220 549 351 599 5cat,
397 542 550 584 credo:
594 541 674 585 sed
719 546 881 583 tantum
923 544 1128 597 effugisse
1173 542 1387 597 flagitium.
1464 544 1574 586 Nam
1612 547 1655 586 et
1691 539 1740 584 C.

257 609 514 662 Musonium,
551 622 746 651 socerum
771 611 864 663 ejus
901 606 1132 667 [quantum
1156 609 1317 650 licitum
1340 613 1406 651 est
1428 622 1507 664 per
1528 608 1742 665 aetatem)

258 674 408 719 eadem
443 677 609 718 ratione
645 674 792 727 dilexi,
830 680 873 718 et
893 675 1207 719 Artemidorum
1244 676 1379 730 ipsum
1395 678 1485 730 jam
1511 680 1612 729 tum,
1649 691 1743 720 cum

256 745 299 785 in
337 741 469 798 Syria
505 743 700 785 tribunus
734 742 976 797 militarem,
1011 747 1131 785 arcta
1166 743 1457 784 familiaritate
1493 744 1743 798 complexus

259 823 375 851 sum:
421 808 551 864 idque
594 810 773 865 primum
818 823 901 851 nou
945 811 1103 851 nullius
1152 808 1308 851 indolis
1362 808 1458 851 dedi
1512 810 1743 866 specimen,

260 875 372 932 quod
420 876 560 919 virum
606 881 679 918 aut
725 877 962 933 sapientem
1009 882 1081 919 aut
1127 877 1361 932 proximum
1408 877 1746 933 simillimumque

222 944 441 999 Gsapienti
478 944 720 999 intelligere
755 957 848 986 sum
884 945 1020 996 visus,
1092 945 1200 987 Nam
1221 957 1275 986 ex
1299 944 1507 998 omnibus,
1544 944 1612 1000 qui
1635 956 1748 986 nunc

261 1023 312 1053 se
355 1009 633 1067 philosophos
677 1016 855 1064 vocant,
911 1012 986 1054 vix
1030 1024 1154 1053 unum
1200 1015 1275 1052 aut
1320 1012 1501 1053 alterum
1548 1012 1747 1054 invenies

259 1081 381 1121 tanta
417 1078 679 1130 sinceritate,
715 1082 834 1120 tanta
869 1080 1069 1122 veritate.
1141 1078 1278 1136 Mitto,
1316 1090 1400 1135 qua
1420 1078 1628 1135 patientia
1647 1090 1747 1121 cor-

260 1144 381 1201 poris
416 1145 579 1188 hiemes
616 1147 743 1200 Juxta
781 1150 823 1188 et
857 1150 1050 1189 aestates
1085 1146 1219 1200 ferat,
1265 1150 1310 1187 ut
1355 1146 1487 1188 nullis
1530 1145 1748 1188 laboribus

262 1211 413 1264 cedat,
457 1217 503 1254 ut
548 1212 649 1254 nihil
686 1213 728 1253 in
764 1212 857 1254 cibo
893 1216 966 1253 aut
1001 1216 1116 1268 potu·
1142 1213 1438 1268 voluptatibus
1474 1213 1655 1266 tribuat,
1702 1215 1749 1255 ut

224 1279 409 1321 voculos
445 1279 715 1334 animumque
759 1280 986 1322 contineat.
1069 1279 1183 1323 Sunt
1218 1279 1326 1323 haec
1362 1292 1539 1335 magna,
1585 1279 1664 1322 sed
1706 1280 1746 1320 in

262 1345 372 1388 alio:
409 1345 449 1389 in
486 1345 567 1388 hoc
602 1360 705 1388 vero
741 1346 924 1399 minima,
960 1347 996 1388 si
1034 1347 1218 1389 caeteris
1238 1347 1471 1389 virtutibus
1493 1358 1748 1402 comparen-

263 1418 346 1466 tur,
382 1413 537 1469 quibus
571 1413 745 1467 meruit,
783 1419 828 1456 ut
864 1426 890 1455 a
926 1412 976 1456 C.
1011 1414 1210 1456 Musonio
1249 1427 1302 1457 ex
1339 1414 1530 1456 omnibus
1565 1413 1749 1456 omnium

224 1479 457 1524 801·dinum
503 1479 847 1523 adsectatoribus
895 1494 1032 1536 gener
1078 1480 1388 1524 adsumeretur.
1477 1479 1600 1533 Quae
1650 1479 1750 1523 mihi

354 1659 387 1689 3.
411 1657 576 1699 fulmen]
601 1660 672 1689 wie
697 1658 826 1699 Paneg.
853 1658 908 1699 90,
932 1660 964 1690 5.
998 1659 1130 1690 Juven.
1155 1659 1189 1700 S,
1214 1658 1268 1690 92.
1300 1657 1450 1700 flamma
1474 1656 1547 1689 Cic.
1573 1658 1670 1690 Brut.
1693 1657 1750 1697 23,

267 1713 324 1745 90.
359 1713 567 1745 incendium
603 1716 682 1744 Liv.
706 1715 761 1751 22,
785 1715 840 1746 40.
882 1714 1096 1756 confirmare
1129 1713 1204 1746 Cic.
1235 1715 1344 1745 Verr.
1379 1713 1424 1753 Π,
1450 1713 1554 1754 1,15.
1579 1714 1635 1745 41.
1670 1713 1749 1744 Liv-

266 1771 324 1815 39,
349 1771 382 1801 6.
408 1770 595 1807 ambustus
620 1770 668 1800 ld.
694 1771 751 1809 22,
775 1772 831 1801 35.
858 1771 947 1801 alles
971 1768 1184 1800 Ausdriicke
1209 1778 1280 1800 von
1305 1772 1371 1800 den
1398 1769 1580 1801 liiii-testei!
1593 1770 1749 1808 suanm,

266 1826 323 1855 die
343 1822 487 1865 jemand
514 1824 638 1855 treffen
665 1825 821 1863 konnen,
845 1826 1053 1856 namentlich
1081 1834 1150 1856 von
1176 1826 1252 1856 Exil
1279 1825 1346 1856 und
1371 1823 1459 1855 Tod.

359 1901 394 1932 4.
419 1902 613 1938 emimium]
648 1901 758 1933 Corte
783 1903 884 1933 nalim
918 1910 981 1933 aus
1007 1901 1084 1932 dem
1110 1902 1236 1933 Medic.
1275 1903 1429 1933 mmmm
1453 1902 1531 1940 aus,
1564 1901 1653 1933 auch
1686 1899 1751 1931 der

265 1957 372 1997 Prag.
399 1957 455 1987 hat
481 1964 530 1995 ες,
557 1956 622 1986 und
648 1957 838 1989 minimam
865 1958 920 1988 bei
946 1959 1023 1988 Ber.
1050 1956 1145 1988 fiilirt
1181 1959 1270 1989 eben
1296 1958 1442 1996 daratif3
1478 1957 1569 1988 doch
1595 1959 1639 1988 da
1662 1957 1751 1987 Plin.

266 2013 389 2044 diesen
414 2011 599 2042 Ausdruck
625 2012 815 2052 gleichsam
853 2013 929 2045 dem
954 2015 1161 2045 Artemidor
1192 2015 1228 2044 in
1263 2015 1330 2045 den
1354 2014 1458 2044 Mund
1492 2012 1565 2052 legt
1601 2011 1657 2052 (ut
1687 2011 1753 2043 ille

266 2066 499 2109 praedicat),
531 2068 667 2099 scheint
692 2076 732 2099 er
755 2069 832 2101 hier
856 2072 1019 2110 weniger
1043 2071 1198 2110 passeud
1223 2068 1404 2109 geu-alut,
1440 2076 1549 2100 wenn
1581 2076 1622 2100 ei·
1653 2071 1754 2100 sonst

269 2128 306 2155 in
340 2123 473 2154 diesem
497 2123 673 2155 Zeitalter
704 2126 765 2156 mit
789 2126 971 2157 eoecellens
1001 2125 1314 2166 gleichbedeuteud
1338 2124 1452 2156 wiire.

359 2192 393 2221 5.
419 2188 546 2221 eudem
569 2191 736 2229 ratione]
771 2200 812 2223 so
845 2193 945 2224 lesen
982 2194 1052 2223 wir
1084 2194 1146 2223 mit
1176 2192 1300 2223 Medic.
1326 2191 1430 2231 Prag.
1463 2191 1516 2222 ed.
1542 2192 1644 2222 Rom.
1685 2191 1753 2223 Die

271 2246 397 2285 Vulg.:
422 2252 504 2277 cum
529 2245 785 2278 admiratione
809 2250 909 2288 passt
934 2248 1029 2278 nicht
1054 2255 1205 2287 wegen:
1239 2248 1420 2286 quantum
1443 2247 1584 2278 licitum
1608 2247 1662 2278 est
1684 2253 1755 2287 per

271 2302 442 2339 aetatem,
468 2302 559 2331 deun
584 2301 663 2332 eine
687 2302 900 2343 Zuneigung
925 2305 986 2333 mit
1012 2303 1282 2343 ssewunderung
1308 2302 1525 2340 verbunden,
1549 2301 1754 2333 dai-suntet·

271 2357 443 2388 Miiunern
468 2355 532 2387 der
558 2357 871 2389 verschiedensten
897 2358 1152 2390 Lebensstufen
1179 2359 1271 2389 nicht
1296 2358 1515 2396 stattfindeu3
1546 2357 1645 2388 wohl
1667 2357 1755 2389 aber

272 2412 407 2443 konnte
432 2419 473 2444 er
497 2413 596 2442 seine
620 2414 829 2454 Zuneigung
853 2423 896 2445 zu
921 2415 1103 2446 Musonius
1127 2413 1374 2454 gleichstellen
1398 2413 1462 2444 der
1485 2413 1672 2454 Vorliebe‚
1697 2413 1755 2445 die

275 2476 315 2499 er
340 2467 397 2500 fiir
421 2468 626 2499 Artemidor
650 2469 757 2501 hatte.

366 2535 595 2575 intell‘iyere]
621 2537 717 2567 nicht
741 2538 859 2568 etwa:
884 2537 965 2575 „ihn
992 2538 1203 2575 vei-stenen,
1227 2538 1360 2567 seinem
1387 2536 1612 2569 Unterrichte
1633 2535 1754 2577 folgen

277 2589 458 2631 nonnem‘,
482 2590 658 2622 sondern:
684 2593 831 2631 „semen
858 2592 985 2624 VVerth
1012 2591 1233 2631 erkennen“‚
1258 2593 1346 2623 eben
1370 2601 1411 2623 so
1436 2593 1470 2631 3,
1497 2592 1529 2633 6,
1554 2591 1587 2622 1.

371 2657 403 2685 6.
430 2657 604 2693 veritate]
630 2666 657 2687 s.
685 2666 729 2688 zu
754 2658 788 2699 2,
813 2660 846 2698 9,
872 2659 905 2690 4.

373 2720 509 2752 ''mum’‘
544 2740 583 2744 “
618 2725 794 2762 aestates]
837 2726 946 2758 Diese
982 2726 1179 2759 Redensart
1209 2727 1346 2759 scheint
1382 2735 1474 2767 ganz
1509 2733 1581 2757 von
1623 2724 1755 2756 satiust

281 2779 362 2819 Jug.
388 2777 444 2817 86,
467 2778 510 2806 33
536 2778 702 2810 entlehnt.

373 2845 406 2876 7.
433 2843 702 2880 adsectatores]
736 2848 874 2879 scheiut
907 2848 985 2879 hier
1015 2849 1112 2880 nicht
1145 2856 1214 2879 von
1250 2846 1318 2878 den
1341 2846 1530 2878 Zuhtirern
1562 2846 1625 2877 des
1649 2846 1757 2878 Arte-

284 2899 396 2931 midor
420 2900 572 2940 gemeint
596 2905 644 2931 zu
667 2901 762 2941 sein,
793 2901 834 2932 da
859 2904 995 2942 gewiss
1019 2903 1119 2935 Viele
1144 2904 1199 2934 iliu
1227 2903 1370 2943 lutirten,
1404 2903 1495 2935 ohne
1520 2903 1595 2934 sich
1619 2910 1676 2934 um
1699 2901 1754 2934 die
