1855 3200
654 209 754 249 liber
785 211 938 248 tertius.
1458 207 1479 248 1
1491 205 1559 249 77

75 328 252 370 insulam
297 324 518 380 relegatus
566 330 647 368 est.
736 325 890 381 ltaque
934 336 1029 367 cum
1072 321 1250 366 Castam
1292 331 1626 381 accusarem,34

74 395 174 436 nihil
209 392 348 447 magis
384 393 542 449 pressi,
579 405 704 448 quam
739 392 853 448 quod
889 395 1118 436 accusator
1155 393 1251 446 ejus
1278 391 1561 447 praevarica-

75 461 201 504 tionis
236 460 414 502 crimine
450 462 700 503 corruisset.
772 461 923 503 Pressi
958 464 1098 503 tamen
1133 459 1309 502 frustra.
1386 457 1562 502 Accidit

73 529 179 572 enim
202 541 273 570 res
309 528 523 569 contraria
559 532 602 570 et
637 539 765 584 nova,
804 532 864 584 ut,
901 531 1154 571 accusatore
1172 526 1561 583 praevaricationis

74 595 288 650 damnato,
328 607 402 637 rea
426 595 741 638 absolveretur.
813 593 1013 651 Quaeris,
1051 593 1152 652 quid
1189 606 1283 648 neS,
1320 592 1415 636 dum
1450 588 1626 638 hae03⁵

71 656 288 718 aguntur?
325 661 618 705 Indicavimus
653 661 864 712 Senatui,
908 676 964 706 ex
998 663 1202 705 Norbano
1239 659 1445 722 didicisse
1480 674 1565 704 nostv

72 730 285 787 publicam
320 741 545 784 caussam,
593 743 833 786 rursusque
876 728 1037 774 debere
1073 743 1129 773 ex
1166 730 1334 784 integro
1371 727 1559 786 discere,

72 798 111 838 si
145 797 216 840 iile
253 798 580 853 praevaricator
616 798 883 854 probaretur.
956 798 1099 853 Atque
1124 797 1183 839 ita
1207 795 1401 840 dumille
1427 808 1561 852 pera-

71 865 185 920 gitur
232 878 360 919 reus,
408 864 625 908 sedimus:
682 869 836 921 postea
882 865 1111 907 Norbanus
1169 863 1362 906 omnibus
1405 863 1560 907 diebus

69 932 326 986 cognitionis
372 933 587 975 interfuit:
639 931 904 988 eandemque
950 944 1089 988 usque
1123 931 1176 974 ad
1214 936 1449 974 extremum
1483 931 1558 974 vei

70 1001 352 1042 constantiam
397 1000 470 1043 vei
515 999 735 1043 audaciam
782 1000 968 1055 pertulit.
1060 1000 1286 1054 Interrogo
1332 999 1430 1055 ipse
1474 999 1626 1053 me,36

69 1078 125 1108 an
161 1066 318 1123 aliquid
339 1068 552 1110 omiserim
574 1081 749 1109 rursus:
785 1072 829 1110 et
855 1080 1006 1109 rursus
1026 1079 1168 1123 paene
1190 1065 1327 1108 omisi.
1382 1064 1559 1108 Summo

72 1132 145 1177 die
181 1133 364 1177 Salvius
400 1134 615 1178 Liberalis
663 1135 850 1190 reliquos
899 1134 1069 1189 legatos
1104 1134 1301 1189 graviter
1335 1133 1559 1188 increpuit,

73 1205 287 1257 tamquam
324 1215 407 1244 non
444 1215 606 1259 omnes,
642 1214 753 1258 quos
778 1199 1028 1243 mandasset
1049 1200 1290 1257 provincia,
1326 1211 1428 1243 reos
1456 1212 1560 1255 per-

71 1268 296 1324 egissent,
334 1274 486 1325 atque,
525 1274 571 1311 ut
606 1273 674 1312 est
708 1268 947 1312 vehemens
984 1272 1028 1311 et
1063 1267 1280 1319 disertuS,
1317 1266 1364 1310 in
1399 1264 1560 1308 discri-

70 1349 167 1378 men
203 1335 394 1378 adduxit.
465 1336 645 1379 Protexi
679 1337 800 1380 viros
824 1336 1022 1393 optimOS,
1059 1334 1323 1391 eosdemque
1351 1335 1560 1390 gratissi-

70 1416 181 1445 mos:
217 1403 318 1445 mihi
353 1407 471 1446 certe
494 1403 655 1448 debere
683 1417 733 1447 se
754 1402 1026 1461 praedicant,
1063 1401 1175 1460 quod
1213 1403 1326 1444 ilium
1349 1401 1560 1444 turbinem

71 1471 308 1513 evaserint.
378 1471 462 1513 Hic
498 1472 578 1514 erit
614 1472 826 1527 epistolae
860 1470 973 1527 finis,
1011 1484 1060 1514 re
1095 1482 1203 1514 vera
1238 1469 1358 1512 finis:
1394 1468 1558 1512 literam
1571 1475 1626 1512 37

72 1548 159 1577 non
208 1536 387 1578 addamz
440 1538 607 1580 etiamsi
653 1538 791 1580 adhuc
836 1537 996 1594 aliquid
1044 1536 1310 1594 praeterisse
1344 1548 1413 1580 me
1455 1549 1559 1579 sen-

71 1615 187 1646 sero.
262 1603 384 1646 Vale.

776 1724 851 1771 X.-

241 1832 297 1883 C.
334 1833 524 1883 Plinius
559 1833 844 1899 Spurinnae
878 1834 984 1884 Suo
1020 1842 1068 1885 et
1105 1835 1310 1886 Coeo-iae
1346 1834 1401 1884 S.

207 1936 518 1996 Composuisse
552 1953 620 1984 me
653 1941 864 1998 quaedam
898 1940 957 1986 de
990 1942 1074 1985 filio
1120 1948 1297 2000 vestro,
1351 1954 1437 1984 non
1473 1940 1560 1983 dixi
1603 1949 1627 1986 1

70 2006 213 2064 vobis,
250 2019 378 2063 quum
414 2007 608 2063 proxime
642 2009 755 2065 apud
790 2022 874 2051 vos
910 2009 995 2051 fui:
1032 2010 1209 2066 primum
1243 2008 1426 2067 quidem,
1462 2009 1562 2066 quia

72 2086 157 2117 non
192 2072 289 2117 ideo
326 2073 604 2133 scripseram,
642 2079 689 2118 ut
724 2075 926 2135 dicerem,
964 2076 1042 2120 sed
1080 2081 1125 2119 ut
1159 2086 1254 2121 meo
1280 2077 1430 2132 amori,
1465 2089 1560 2120 meo

137 2297 139 2299 ι
161 2250 218 2281 35.
242 2258 289 2281 eae
313 2250 478 2292 ietteyr'o]
506 2250 628 2284 wofiir
652 2254 708 2284 die
733 2253 884 2285 bessern
909 2253 1170 2285 Scliriftsteller
1192 2252 1237 2284 de
1260 2254 1412 2295 inteqro
1436 2260 1561 2294 sagen,

72 2305 207 2338 enthfflt
230 2307 308 2337 hier
331 2309 410 2338 eine
435 2309 653 2351 Steigerung
679 2317 748 2340 von
773 2318 919 2350 rursus,
941 2312 1016 2342 wie
1040 2310 1120 2340 Liv.
1144 2312 1179 2350 5,
1196 2310 1231 2351 5,
1255 2310 1288 2340 6.

161 2373 217 2403 36.
241 2379 343 2404 reum
364 2375 566 2415 peremere]
603 2384 683 2407 was
707 2378 742 2407 in
767 2376 888 2408 dieser
910 2377 989 2408 Zeit
1013 2377 1241 2417 gewiihnlich
1267 2375 1472 2407 bedeutete:
1504 2374 1560 2404 die

70 2426 184 2469 Klage
210 2429 261 2459 bis
286 2437 365 2459 zum
391 2431 527 2468 Spruch
552 2429 693 2469 fiihren,
719 2432 864 2463 braucht
888 2432 975 2463 Plin.
1001 2433 1080 2462 hier
1105 2434 1138 2462 in
1165 2430 1330 2462 friiherer
1355 2430 1562 2470 Bedeutung

71 2481 147 2515 fiir:
172 2484 208 2514 in
231 2484 449 2524 Klagestand
476 2490 678 2525 versetzeu,
703 2496 744 2518 so
771 2488 848 2518 Liv.
874 2487 909 2525 4,
933 2487 989 2517 42.
1017 2486 1119 2518 Ovid.
1143 2486 1249 2516 Trist.
1279 2485 1310 2525 1,
1337 2485 1368 2526 1,
1391 2483 1448 2516 24.

162 2547 224 2582 X.
249 2550 486 2589 Spurinnae]
511 2560 540 2581 s.
567 2561 612 2582 zu
635 2554 668 2592 2,
692 2554 726 2583 ’7.

165 2614 199 2645 1.
224 2615 384 2654 quidem]
407 2623 487 2646 was
502 2618 547 2647 im
562 2619 652 2649 Med.
674 2620 762 2650 nach
780 2621 938 2659 primum
952 2620 1025 2650 sich
1040 2618 1147 2650 findet
1163 2617 1230 2649 und
1247 2625 1313 2650 aus
1339 2618 1406 2650 der
1423 2618 1560 2651 Abbre-

4 2702 6 2718 ι
76 2669 190 2700 viatur
207 2669 269 2699 des
289 2669 405 2709 prag-2
426 2671 455 2711 q*
470 2671 519 2702 de-
539 2673 609 2703 sich
637 2675 858 2710 wenigstens
872 2675 994 2705 besser
1010 2672 1240 2705 her-ausiesen
1265 2673 1363 2714 lassi,
1387 2674 1442 2705 als
1465 2674 1560 2715 quod

3 2726 7 2767 ᾖ
74 2723 118 2755 de
132 2731 182 2761 eo,
207 2724 395 2762 wierTitze
414 2728 645 2766 vermuthete,
671 2729 779 2759 haben
794 2730 865 2759 wir
891 2730 978 2768 hier,
1003 2728 1045 2760 da
1066 2728 1230 2769 primum
1251 2727 1446 2769 iiber-haupt
1469 2737 1559 2770 geru

74 2778 214 2819 quidem
240 2787 283 2809 zu
309 2781 383 2810 sien
409 2783 836 2823 ni¹11111t‚aufgenomn1en.
869 2785 921 2816 Da
937 2783 1086 2824 quidem
1110 2782 1179 2815 und
1202 2783 1293 2826 quia
1314 2785 1378 2816 aut·
1389 2785 1560 2816 einander

73 2833 213 2874 folgen,
247 2834 381 2866 kouute
417 2836 523 2869 leicht
547 2838 608 2869 das
630 2840 716 2870 Eine
741 2840 828 2873 oder
850 2840 914 2872 das
938 2840 1082 2872 Auden-e
1109 2848 1180 2872 von
1203 2840 1271 2872 den
1296 2841 1559 2873 Abschreibern

74 2888 329 2930 weggelassen
361 2892 523 2924 werden.

1166 2953 1217 2990 12
