1855 3200
688 176 787 216 liber
817 176 969 216 tertius.
1494 173 1593 218 183

110 293 206 348 Quo
240 293 299 349 fit,
335 296 378 335 ut
414 291 541 348 quasi
575 293 738 335 otiosus
774 304 1042 349 securusque
1078 291 1213 334 lector
1248 294 1409 334 tantum
1445 292 1596 336 cloeu-
1657 327 1660 330 ⁴

110 363 210 406 tioni
252 364 403 415 vacet,
451 359 492 401 in
539 371 621 415 qua
666 361 924 404 satisfacere
969 358 1183 403 difficilius
1228 363 1317 414 est,
1364 371 1459 402 cum
1501 361 1597 402 sola

109 429 372 474 aestimatur.
453 426 599 484 Atque
634 428 790 471 utinam
829 427 933 470 ordo
970 427 1144 485 saltem,
1190 431 1234 470 et
1276 427 1507 484 transitus,
1553 432 1597 470 et

107 495 430 552 figurae-simul
455 492 778 551 spectarentur!
834 497 944 538 Nam
966 495 1162 539 invenire
1183 495 1421 550 praeclare,
1457 507 1598 538 enun-

107 564 215 606 tiare
250 563 500 621 magnifice,
537 562 745 606 interdum
783 564 909 606 etiam
946 563 1114 606 barbari
1149 563 1316 605 solent:
1362 561 1597 619 disponere

104 635 219 687 apte,
255 631 443 687 figurare
478 631 616 688 varie,
653 631 733 673 nisi
755 631 950 690 eruditis,
987 635 1189 686 negatum
1219 634 1300 673 est.
1372 630 1467 673 Nee
1487 642 1594 673 vero

105 697 363 742 adfectanda
407 702 505 740 sunt
551 711 721 754 semper
767 699 881 742 elata
928 702 972 741 et
1018 698 1208 741 excelsa.
1278 698 1414 755 Nam,
1465 701 1508 739 ut
1553 697 1595 739 in

105 767 271 822 pictura
308 766 447 809 lumen
483 778 566 808 non
603 766 689 808 alia
727 780 799 810 res
833 767 988 822 magis,
1026 778 1153 822 quam
1182 766 1343 819 umbra,
1380 777 1596 808 commen-

106 833 203 886 dat,
247 834 305 875 ita
340 834 572 877 orationem
608 837 693 877 tam
729 835 1004 888 submittere,
1053 845 1178 890 quam
1215 833 1416 875 attollere
1454 830 1593 875 decet.

105 899 200 943 Sed
235 900 336 957 quid
374 914 454 956 ego
491 901 598 944 haec
644 901 888 945 doctissimo
926 896 1057 946 viro?
1130 899 1238 952 Quin
1287 900 1430 956 potius
1466 898 1594 942 illud:

105 967 278 1023 adnota,
317 981 428 1025 quae
466 971 691 1024 putaveris
727 969 1000 1026 corrigenda.
1070 968 1139 1010 Ita
1176 968 1286 1010 enim
1322 967 1457 1022 magis
1495 979 1595 1010 cre—

104 1034 215 1091 dam,
251 1041 425 1080 caetera
460 1037 532 1080 tibi
567 1037 762 1094 placere,
799 1039 838 1080 si
874 1037 1083 1095 quaedam
1120 1035 1395 1092 displicuisse
1430 1047 1593 1092 cogno·

105 1116 226 1146 vero.
297 1104 424 1148 Vale.

761 1234 927 1279 XIV.

502 1344 556 1396 0.
594 1345 786 1395 Plinius
821 1345 980 1395 Acilio
1014 1344 1122 1394 Suo
1157 1344 1212 1394 S.

237 1455 348 1498 Rem
382 1456 594 1509 atrocem,
642 1465 722 1497 nec
759 1456 921 1495 tantum
957 1451 1141 1508 epistola
1176 1450 1370 1507 dignam,
1408 1450 1594 1508 Largius

106 1519 302 1576 Macedo,
339 1522 408 1565 vir
443 1520 704 1579 praetorius,
741 1532 767 1562 a
788 1520 933 1564 servis
953 1521 1044 1562 suis
1064 1532 1226 1576 passus
1251 1525 1341 1562 est:
1379 1519 1595 1576 superbus

106 1696 313 1737 verbreitet,
338 1704 379 1728 so
405 1697 453 1728 ist
471 1704 510 1728 es
525 1695 614 1728 doch
632 1695 855 1736 wenigstens
873 1697 975 1727 soust
998 1696 1170 1736 generunt,
1194 1695 1415 1734 besprochen
1432 1695 1594 1727 worden.

105 1752 242 1793 Gierig,
267 1753 332 1784 der
355 1754 442 1784 nach
467 1753 530 1783 der
554 1752 656 1793 Vulg.
683 1752 748 1783 das
769 1751 915 1783 Comma
938 1751 1032 1783 nach
1056 1751 1216 1793 vulyata
1240 1752 1337 1782 nicht
1362 1751 1431 1792 hat,
1456 1751 1596 1783 erklart

102 1808 205 1840 dicta
231 1808 408 1848 unriclitig
431 1808 561 1839 durch:
586 1817 611 1839 a
633 1816 688 1839 me
715 1807 827 1839 dicta.

193 1874 397 1906 elocutioni
420 1874 543 1911 vacet]
570 1883 612 1906 er
638 1875 767 1906 richtet
785 1881 852 1905 nur
872 1875 974 1906 seine
985 1873 1312 1906 Aufmerksainkeit
1336 1874 1399 1905 auf
1417 1873 1484 1905 den
1500 1875 1595 1905 Aus-

101 1931 236 1972 druck‚
268 1932 313 1963 da
345 1932 408 1963 der
439 1933 509 1962 ihm
546 1930 723 1963 bekanntc
748 1929 862 1961 Inhalt
886 1929 1043 1962 dieselbe
1068 1930 1164 1962 nicht
1202 1931 1237 1961 in
1262 1930 1446 1970 Anspruch
1473 1930 1596 1961 nimmt

104 1987 258 2028 (otiosus
281 1985 535 2028 securusque).

199 2055 232 2085 3.
258 2053 424 2091 utinam]
449 2055 510 2086 hat
534 2054 611 2085 hier
634 2053 697 2084 das
720 2052 862 2092 Imperf.
883 2049 999 2093 Conj.‚
1021 2053 1117 2084 nicht
1140 2053 1202 2084 das
1225 2053 1418 2093 Praesens,
1445 2054 1531 2086 weil
1555 2061 1596 2085 es

106 2111 213 2142 einen
236 2109 334 2141 nicht
358 2109 594 2148 erfiillbaren,
619 2111 723 2140 einen
750 2109 827 2140 blos
850 2109 1022 2140 frommeu
1048 2107 1212 2139 Wunsch
1241 2109 1389 2142 euthalt.

192 2188 226 2220 4.
250 2187 464 2220 submittere
487 2188 714 2225 orationem]
740 2195 807 2218 von
834 2187 914 2218 dem
941 2186 1136 2218 Bestreben
1160 2186 1223 2218 des
1246 2187 1430 2227 Redners,
1455 2188 1594 2219 seinem

104 2244 266 2285 Vortrag
289 2252 333 2276 an
358 2245 545 2276 einzelnen
569 2245 703 2275 Stellen
728 2244 833 2275 einen
858 2242 1021 2283 mildern,
1045 2241 1307 2283 gemassigtern
1332 2241 1523 2276 Ausdruck
1549 2251 1594 2273 zu

102 2301 227 2342 geben,
252 2300 309 2332 die
333 2301 502 2333 silit-kern
528 2300 805 2340 Empfindungen
838 2300 905 2330 und
930 2298 1226 2330 Leidenschaften
1258 2299 1367 2329 durch
1399 2298 1593 2330 denselben

103 2357 198 2388 nicht
220 2365 267 2388 zu
289 2356 456 2388 wecken.
504 2358 591 2388 Eine
615 2356 777 2388 {ihnliche
801 2355 1007 2388 Vox-schrift
1030 2355 1128 2396 giebt
1151 2355 1346 2393 Quintilian
1370 2354 1408 2393 8,
1428 2355 1462 2394 3,
1489 2353 1545 2385 21.

192 2437 226 2467 5.
251 2434 455 2473 adnotare]
483 2436 574 2467 Was
600 2442 680 2466 man
704 2435 739 2465 in
765 2435 866 2465 einer
879 2434 1010 2465 schrift
1034 2431 1091 2464 fiir
1115 2433 1238 2471 falsch‚
1263 2431 1391 2463 unacht
1415 2430 1502 2462 oder
1526 2437 1593 2462 un-

104 2491 254 2530 passend
282 2491 386 2527 hielt,
419 2499 498 2522 was
528 2499 609 2522 man
631 2491 838 2532 gesirichen
869 2489 959 2521 oder
989 2488 1161 2529 geiindert
1185 2489 1323 2518 wissen
1346 2485 1470 2518 wollte
1506 2485 1594 2518 oder

106 2543 277 2576 woriiber
299 2553 381 2576 man
406 2547 630 2586 wenigstens
655 2545 844 2577 Bedenken
877 2547 980 2584 nug,
1013 2544 1241 2576 bezeichnete
1271 2550 1351 2574 man
1382 2543 1444 2574 mit
1475 2542 1591 2574 einem

105 2598 313 2636 Querstrich
345 2600 499 2637 (obelus)
534 2601 604 2631 und
637 2603 770 2632 nannte
801 2600 898 2631 diess
929 2599 1115 2631 adnotare
1147 2599 1260 2640 vergl.
1286 2599 1319 2630 3.
1345 2598 1378 2639 5,
1402 2595 1457 2628 11.
1493 2598 1590 2630 Suet.

107 2653 226 2686 Gram.
251 2653 306 2696 24,
330 2654 363 2685 2.

141 2715 145 2717 ’
196 2720 280 2759 Ita]
304 2734 349 2747 =
373 2729 417 2753 ea
440 2721 663 2753 conditione.

196 2808 323 2844 xlv.
352 2812 382 2843 1.
399 2821 422 2843 a
445 2812 583 2849 servis]
598 2812 751 2844 Manche
766 2811 988 2853 Depouemia
1013 2812 1080 2845 und
1094 2812 1212 2846 Verba
1234 2813 1364 2845 neutra
1386 2812 1500 2844 haben
1519 2812 1590 2843 bis-

107 2867 236 2900 weilen
261 2868 327 2900 den
346 2868 485 2900 Ablativ
509 2868 571 2900 mit
596 2877 619 2900 a
643 2868 700 2900 bei
717 2869 804 2909 sich,
831 2867 1050 2910 vorziiglich,
1076 2876 1183 2903 wenn
1200 2869 1255 2901 sie
1269 2869 1590 2911 gewissermassen

1636 434 1662 468 3
