1855 3200
648 203 748 242 liber
777 202 988 242 secundus.
1484 196 1507 238 1
1519 193 1585 240 33

94 321 310 381 experior,
346 322 552 377 quantum
577 318 692 375 apud
714 319 814 362 illos
837 316 1106 362 auctoritatis
1133 329 1188 360 ex
1210 314 1366 359 studiis
1391 314 1586 358 habeam.

94 393 204 435 Nam
247 388 444 446 proxime
489 386 702 444 frequenti
749 385 960 429 auditorio
1007 385 1119 428 inter
1155 397 1206 428 se
1257 395 1401 427 coram
1443 382 1588 425 multis

97 457 264 502 ordinis
321 455 461 499 nostri
508 456 626 498 clare
685 455 992 512 loquebantur:
1040 451 1224 505 intravi,
1275 452 1586 497 conticuerunt.

95 524 221 579 Quod
256 537 341 568 non
377 524 611 577 referrem,
648 522 728 564 nisi
764 522 819 564 ad
854 523 1023 564 illorum
1057 520 1195 576 magis
1229 519 1422 577 laudem,
1461 529 1587 575 quam

92 592 148 636 ad
183 604 344 646 meam,
392 591 651 647 pertineret:
699 601 750 633 ac
797 589 881 632 nisi
927 601 1109 645 sperare
1146 593 1188 631 te
1223 588 1407 641 vellem,
1454 599 1587 642 posse

94 660 241 703 fratris
276 660 335 702 tui
357 659 467 701 filios
488 658 621 715 probe
650 656 835 701 discere.
907 655 1030 709 Quod
1055 660 1271 712 superest,
1307 668 1401 698 cum
1423 666 1587 708 omnes,

92 728 164 785 qui
199 726 465 785 profitentur,
502 725 694 780 audiero,
731 724 831 782 quid
868 724 923 768 de
959 736 1129 780 quoque
1165 724 1362 777 sentiam,
1401 721 1586 765 scribam

94 795 389 850 efficiamque,
433 797 635 850 quantum
671 798 812 836 tamen
863 792 1046 849 epistola
1081 791 1287 847 consequi
1323 794 1497 847 potero,
1540 793 1586 831 ut

93 863 187 918 ipse
233 875 380 906 omnes
426 861 602 904 audisse
648 859 855 904 videariS.
946 859 1103 904 Debeo
1152 860 1262 902 enim
1305 859 1401 916 tibi,
1448 857 1585 900 debeo

93 929 324 972 memoriae
358 929 504 972 fratris
539 929 598 971 tui
632 928 744 972 hanc
778 928 926 981 fidem,
963 928 1043 970 hoc
1081 926 1293 984 studium,
1330 924 1587 983 praesertim

92 1009 228 1054 super
263 1001 384 1039 tanta
420 1010 482 1039 re.
558 997 669 1038 Nam
716 995 817 1052 quid
852 996 992 1051 magis
1028 996 1210 1038 interest
1244 998 1416 1048 vestra,
1462 1004 1587 1048 quam

93 1067 137 1106 ut
171 1064 293 1106 liberi
330 1063 546 1120 (dicerem
581 1065 657 1118 tui,
693 1065 778 1106 nisi
814 1076 925 1106 nunc
947 1064 1045 1105 illos
1069 1062 1204 1118 magis
1231 1059 1426 1117 amares)
1470 1059 1588 1115 digni

87 1130 162 1173 illo
214 1135 363 1188 patre,
419 1134 463 1172 te
508 1136 663 1186 patruo
709 1125 1017 1186 reperiantur?
1099 1128 1236 1182 Quam
1283 1140 1427 1171 curam
1472 1127 1586 1178 mihi,

94 1196 262 1242 etiamsi
303 1210 387 1240 non
423 1196 706 1255 mandasses,
745 1197 1052 1241 vindicassem.
1122 1198 1218 1239 Nec
1254 1195 1406 1250 ignoro
1442 1194 1586 1236 susei-

91 1264 272 1321 piendas
308 1267 500 1307 offensas
537 1265 578 1306 in
616 1264 815 1320 eligendo
852 1269 1166 1321 praeceptore,
1205 1261 1286 1306 sed
1315 1264 1485 1319 oportet
1520 1274 1587 1303 me

90 1345 173 1375 non
226 1332 349 1375 modo
400 1334 618 1388 offensas,
655 1345 804 1375 verum
853 1332 982 1375 etiam
1032 1331 1271 1374 simultates
1318 1343 1395 1387 pro
1436 1329 1585 1372 fratris

92 1398 155 1442 tui
204 1399 301 1442 filiis
349 1403 434 1443 tam
485 1412 624 1459 aequo
670 1400 809 1444 animo
855 1399 1028 1460 subire,
1084 1412 1209 1457 quam
1253 1401 1460 1456 parentes
1506 1410 1584 1455 pro

94 1466 198 1510 suis.
269 1467 398 1512 Vale.

750 1578 918 1623 xlx.

477 1678 532 1729 0.
579 1678 769 1728 Plinius
809 1676 1004 1727 Cereali
1035 1676 1143 1726 Suo
1179 1676 1234 1725 S.

225 1786 443 1840 Hortaris,
479 1790 527 1828 ut
561 1785 792 1829 orationem
829 1785 977 1827 amicis
1011 1784 1207 1841 pluribus
1233 1781 1423 1826 recitem.
1497 1780 1586 1822 Fa-

91 1852 212 1909 ciam,
249 1853 348 1910 quia
382 1853 597 1897 hortaris:
633 1853 833 1910 quamvis
868 1851 1151 1897 vehementer
1173 1848 1432 1894 addubitem.
1489 1847 1585 1891 Ne-

178 2019 215 2050 2.
239 2017 509 2060 loquebantur]
534 2018 705 2060 richtiger
723 2018 797 2051 als:
816 2017 1057 2061 jocabantur,
1080 2025 1160 2049 was
1179 2025 1224 2049 zu
1242 2016 1346 2049 clare
1373 2015 1468 2047 nieht
1485 2013 1585 2046 recht

91 2082 220 2115 passen
243 2075 394 2107 miichte.

182 2143 215 2174 3-
239 2139 437 2183 profiteri]
473 2142 612 2174 absolut
636 2141 852 2183 gebraucht‚
879 2141 1067 2174 bedentete
1092 2149 1137 2172 zu
1162 2136 1322 2172 Cicero's
1345 2138 1493 2170 Zeiten:
1528 2138 1584 2168 dle

91 2199 286 2231 Kenntniss
314 2199 439 2240 irgend
471 2200 574 2231 einer
596 2198 710 2230 Kunst
734 2198 822 2230 oder
845 2197 1112 2231 wissenschaft
1136 2196 1210 2227 sich
1237 2196 1398 2235 beilegen
1421 2194 1522 2226 Lael.
1550 2194 1583 2225 5.

91 2254 213 2287 Plane.
229 2255 285 2286 25.
311 2254 355 2286 de
379 2254 448 2285 div.
465 2254 499 2295 2,
513 2255 567 2286 63.
593 2254 683 2286 doch
700 2252 826 2294 spater
850 2254 1022 2286 branchte
1036 2261 1117 2284 man
1141 2260 1182 2284 es
1206 2260 1281 2284 von
1294 2251 1420 2290 denen,
1444 2250 1586 2281 welche

92 2311 174 2343 eine
187 2310 235 2342 W
240 2310 452 2342 issenschaft
472 2310 625 2352 lehrten,
653 2314 866 2351 vortrugen‚
890 2310 1018 2341 wolier
1033 2310 1088 2340 sie
1102 2310 1192 2341 noch
1206 2307 1330 2348 spater
1346 2307 1585 2339 Professoren

91 2366 234 2399 hiessen
261 2366 373 2407 vel-gl.
397 2365 500 2407 4‚11‚
515 2366 548 2398 1.
574 2368 674 2398 suet.
699 2366 784 2398 Ner.
801 2366 856 2397 21.
882 2365 1103 2398 Namentlich
1121 2364 1196 2405 galt
1219 2365 1284 2395 der
1298 2362 1488 2394 Ausdruck
1513 2367 1584 2391 von

93 2422 162 2454 den
182 2421 340 2454 Lebrern
364 2423 429 2454 der
452 2422 727 2455 Beredsamkeit.
775 2423 836 2454 Bei
860 2423 930 2454 den
954 2422 1148 2453 Griechen:
1172 2418 1463 2458 ἐπαγγέλλεσθαι.

184 2487 219 2521 4.
243 2488 319 2525 tui]
346 2488 471 2531 Gierig
493 2490 570 2521 will
592 2498 639 2521 zu
663 2489 721 2521 tui
744 2490 840 2521 nicht
865 2488 972 2521 liberi
996 2487 1148 2527 snpplirt
1170 2486 1328 2523 wissen,
1362 2483 1519 2515 sondern
1544 2491 1584 2515 es

96 2541 290 2582 iiber-haupt
312 2542 369 2575 fiir
393 2544 620 2585 Angehiirige
644 2546 812 2585 nehmen3
836 2545 945 2576 alleiu
970 2543 1079 2574 kaum
1102 2540 1221 2573 diirfte
1245 2548 1286 2572 es
1309 2541 1356 2571 im
1380 2539 1584 2581 Gegensatz

96 2605 141 2628 zu
165 2597 268 2629 libert
288 2598 385 2629 diess
408 2599 593 2640 bedenten,
619 2601 707 2631 anch
731 2600 854 2641 glaubt
878 2608 931 2639 er,
954 2599 1036 2629 dass
1062 2598 1173 2629 nichts
1198 2594 1285 2628 iiber
1307 2596 1362 2628 die
1385 2596 1497 2628 Liebe
1521 2597 1584 2628 des

96 2653 232 2685 vaters
257 2661 336 2685 zum
361 2654 488 2694 eignen
513 2654 629 2686 Kinde
653 2656 765 2696 gehe;
790 2657 878 2687 aber
900 2655 1033 2686 Plinius
1057 2654 1142 2685 liebt
1166 2652 1288 2685 solehe
1311 2652 1584 2693 hyperbolische

98 2706 321 2750 AusdriioRe,
345 2708 414 2740 und
437 2708 517 2740 will
539 2710 618 2741 hier
640 2718 773 2751 sageu,
806 2711 889 2742 dass
913 2711 1094 2743 Mauricus
1118 2709 1244 2750 ibnen,
1266 2709 1320 2741 als
1343 2709 1406 2741 des
1431 2709 1584 2741 Brudere

98 2763 267 2805 Kindern,
291 2764 370 2796 eine
394 2766 484 2797 noch
507 2765 669 2806 innigere
683 2767 790 2798 Liebe
815 2766 1021 2806 zuwendeu
1044 2766 1098 2798 als
1122 2765 1190 2797 den
1215 2765 1380 2808 eigenen.

185 2829 318 2865 XIX.
345 2831 531 2872 Cerealis]
556 2835 667 2866 heisst
689 2833 721 2874 4,
744 2833 786 2866 21
819 2833 943 2867 Velius
970 2832 1141 2867 Cerealis.

186 2899 219 2932 1.
243 2900 488 2940 addubitare]
513 2901 657 2936 braucht
682 2901 811 2936 Cicero
844 2902 911 2935 und
944 2903 1045 2935 seine
1068 2903 1332 2943 Zeitgeuossen
1370 2907 1437 2933 nur
1461 2901 1495 2932 in
1521 2900 1584 2931 der

1627 1198 1654 1234 0«
