1855 3200
254 197 357 243 182
807 200 925 239 Plinii
955 200 1204 248 epistolarum

210 314 302 360 30.
339 312 506 361 Caesar
540 316 600 359 ita
635 314 925 374 reprehendit,
961 319 1007 357 ut
1042 313 1202 357 laudet.
1271 312 1436 358 Scribit
1470 314 1601 369 enim,
1637 327 1731 374 eos,

249 384 402 442 quihus
420 383 575 427 obvius
597 382 749 435 fuerat,
786 396 880 425 cum
902 386 1029 437 caput
1051 381 1159 425 ebrii
1177 382 1455 438 retexissent,
1481 381 1732 425 erubuisse:

251 450 408 495 deinde
442 449 603 506 adjicit,
639 455 834 506 putareS,
870 461 956 490 non
993 448 1046 490 ab
1082 448 1168 490 illis
1204 444 1433 503 Catonem,¹
1461 448 1541 492 sed
1576 450 1673 492 illos
1708 461 1735 491 a

251 516 418 562 Catone
473 517 782 573 deprehensos.
874 515 1075 558 Potuitne
1125 516 1225 571 plus
1284 517 1551 558 auctoritatis
1607 516 1734 559 tribui

251 583 427 639 Catoni,
482 596 608 640 quam
653 585 693 625 si
741 583 885 626 ebrius
938 594 1106 638 quoque
1152 587 1237 625 tam
1290 584 1552 626 venerabilis
1604 577 1733 627 erat?

210 654 441 695 4Nostrae
475 656 614 695 tamen
646 662 811 694 coenae
847 653 893 693 ut
927 653 1163 705 apparatus
1200 653 1244 692 et
1276 649 1499 707 impendii,
1537 651 1600 694 sic
1623 655 1733 694 tem-

249 718 366 774 poris
400 717 550 760 modus
594 722 777 761 constet.
855 718 1014 773 Neque
1049 717 1160 760 enim
1193 717 1222 758 ii
1255 729 1428 769 sumus,
1474 729 1581 773 quos
1615 718 1735 760 vitu-

249 796 407 841 perare
460 797 515 827 ne
568 785 721 828 inimici
771 783 945 842 quidem
999 785 1192 843 possint,
1251 784 1335 826 nisi
1379 788 1426 827 ut
1470 783 1593 827 simul
1640 783 1737 827 lau-

250 850 369 895 dent.
441 850 567 895 Vaie.

901 982 1080 1028 XIII.

612 1092 666 1142 G.
703 1092 896 1142 Plinius
930 1093 1159 1143 Romano
1194 1093 1303 1144 Suo
1337 1093 1395 1143 S.

209 1213 237 1249 1
385 1197 587 1253 Librum,
633 1211 716 1255 quo
759 1212 895 1256 nuper
940 1201 1095 1256 optimo
1132 1200 1320 1257 Principi
1366 1197 1529 1243 Consul
1571 1201 1741 1257 gratias

252 1265 346 1321 egi,
392 1264 486 1307 misi
534 1265 725 1321 exigenti
768 1267 867 1308 tibi:
913 1268 1147 1322 missurus,
1204 1271 1248 1311 et
1292 1268 1330 1308 si
1373 1281 1456 1310 non
1493 1271 1738 1323 exegisse&

211 1331 304 1379 2111
339 1332 421 1374 hoc
455 1332 710 1376 consideres
745 1335 902 1389 velim,
940 1338 985 1376 ut
1018 1332 1375 1391 pulchritudinem
1409 1336 1640 1390 materiae,
1678 1336 1739 1377 ita

250 1398 557 1442 difficultatem.
627 1400 680 1442 In
717 1402 904 1444 caeteris
940 1403 1049 1445 enim
1092 1403 1297 1445 lectorem
1332 1402 1506 1445 novitas
1541 1403 1638 1458 ipsa
1671 1403 1740 1445 in-

250 1468 414 1511 tentum
457 1466 609 1510 habet:
654 1467 695 1510 in
740 1467 823 1510 hoc
866 1473 991 1528 nota,
1036 1470 1241 1528 vulgata,
1289 1468 1405 1513 dicta
1449 1473 1552 1513 sunt
1585 1469 1739 1513 omnia.

520 1643 695 1675 Narratur
718 1645 756 1676 et
781 1644 890 1685 prisci
915 1644 1064 1677 Catonis

564 1700 681 1739 Saepe
706 1707 806 1731 mero
831 1701 986 1733 caluisse
1011 1702 1139 1732 virtus.

250 1765 375 1807 vergi.
391 1766 522 1798 Senec.
548 1769 661 1808 tranq.
678 1766 734 1798 15.
758 1769 908 1799 Martial.
935 1769 969 1810 2,
982 1769 1038 1799 89.
1064 1786 1108 1792 -—
1132 1767 1221 1800 Cato
1246 1766 1424 1800 verhiillte
1439 1769 1502 1801 auf
1522 1769 1601 1800 dem
1618 1769 1740 1801 Heim-

248 1813 354 1863 wege
367 1821 429 1852 das
445 1822 577 1862 Haupt,
602 1831 658 1853 um
683 1823 780 1854 nicht
804 1824 960 1855 erkannt
982 1833 1028 1855 zu
1051 1823 1220 1861 werden3
1246 1824 1301 1854 die
1314 1824 1439 1855 Scham
1455 1824 1573 1865 derer,
1597 1825 1738 1856 welche

248 1876 305 1908 die
329 1875 432 1908 Hiille
455 1885 671 1917 wegzogen,
695 1879 764 1918 gab
790 1879 855 1909 den
881 1880 1139 1920 giiinzendsten
1163 1879 1306 1909 Beweis
1332 1887 1403 1910 von
1428 1879 1493 1911 der
1510 1880 1736 1921 Verehrung,

247 1931 286 1962 in
310 1932 472 1962 welcher
498 1933 564 1963 der
586 1932 729 1964 Stoiker
753 1934 868 1965 stand.

336 1998 371 2028 3.
396 1998 511 2040 caput
535 1998 629 2030 ebrii
652 1999 893 2039 reteoeissent]
926 2001 989 2032 Die
1013 2001 1144 2032 Rijmer
1168 2001 1299 2042 gingen
1331 2001 1388 2032 bei
1415 2002 1563 2033 heiterm
1588 2001 1736 2034 XVetter

247 2055 339 2086 stets
366 2056 431 2086 mit
465 2055 721 2087 unbedecktem
746 2057 859 2097 Haupt
889 2059 935 2088 im
959 2058 1108 2096 Freien,
1141 2064 1207 2087 nur
1238 2057 1295 2087 bei
1328 2058 1589 2098 Regenwetter
1617 2059 1737 2100 'zogen

248 2110 303 2141 sie
336 2111 440 2141 einen
464 2110 567 2141 Theil
600 2111 663 2142 der
688 2112 790 2153 Toga
820 2113 907 2144 oder
938 2113 1002 2144 des
1026 2112 1171 2143 Panium
1206 2109 1295 2143 iiber
1330 2113 1396 2143 den
1420 2113 1526 2153 Kopf.
1567 2114 1740 2146 Dasselbe

247 2166 403 2206 geschah
428 2166 486 2197 bei
510 2167 796 2209 Trinkgelagen,
819 2170 915 2201 Suet.
940 2169 1023 2200 Ner.
1047 2169 1104 2199 26.
1129 2167 1244 2198 plaut.
1271 2165 1373 2207 Gapt.
1398 2169 1431 2208 3,
1457 2168 1499 2207 13
1536 2168 1647 2200 daher
1670 2171 1735 2201 mit

249 2221 459 2253 bedecktem
483 2222 622 2263 Haupte
645 2225 781 2265 gehen,
811 2226 920 2256 sehon
951 2226 1018 2256 den
1050 2222 1231 2255 Verdacht
1260 2223 1346 2262 gab,
1379 2231 1457 2253 man
1492 2222 1633 2254 komme
1665 2232 1739 2256 von

248 2277 365 2308 einem
389 2277 555 2319 solchen,
578 2278 651 2310 Cic.
677 2280 748 2310 Pis.
773 2280 805 2310 6.
829 2281 955 2311 senec.
982 2281 1084 2319 epist.
1111 2278 1191 2311 115.
1217 2277 1307 2309 oder
1339 2279 1430 2318 gehe
1454 2275 1650 2318 iiberhaupt
1673 2280 1742 2312 auf

255 2332 474 2364 verbotenen
499 2333 652 2376 Wegen,
675 2335 761 2366 Hor.
788 2336 863 2366 Sat.
889 2336 922 2374 2,
945 2335 978 2376 7,
1003 2336 1062 2366 55.

338 2398 603 2441 deprehensos]
627 2403 902 2442 „unvermuthet
926 2401 1156 2441 {iberi-asche,
1181 2398 1360 2441 ertappt“,
1391 2401 1427 2432 in
1451 2399 1573 2433 dieser
1597 2401 1736 2435 Redeu-

251 2458 340 2498 tung
363 2457 426 2498 ost,
451 2457 529 2487 Liv.
552 2456 609 2499 38,
632 2457 688 2489 21.
718 2458 831 2490 Tacit.
857 2459 942 2499 Agr.
966 2457 1023 2499 34,
1048 2457 1080 2489 4.
1105 2456 1205 2489 Flor.
1229 2457 1263 2497 2,
1288 2456 1343 2498 12,
1367 2456 1402 2487 7.

337 2521 483 2556 xlll.
509 2522 696 2563 Romano]
720 2533 749 2556 s.
776 2533 820 2555 zu
846 2523 878 2566 1,
903 2526 938 2557 5.

338 2588 423 2619 misi
447 2606 489 2612 —
512 2591 713 2630 missurus]
748 2592 902 2624 ebens0:
933 2591 1035 2624 dedit
1061 2608 1091 2614 —
1125 2590 1288 2624 daturus
1321 2591 1356 2633 3,
1381 2588 1438 2631 21,
1461 2589 1495 2622 6.
1516 2587 1580 2632 fui
1604 2608 1647 2615 —-
1667 2590 1739 2633 fu-

251 2641 361 2673 turus
383 2642 417 2683 7,
440 2645 500 2684 27,
524 2645 576 2677 13.

338 2709 370 2739 2.
395 2710 503 2748 nota,
533 2712 709 2754 vulyata,
741 2713 865 2752 dicta]
898 2715 1001 2747 Diess
1033 2715 1089 2747 die
1121 2715 1241 2756 einzig
1278 2715 1430 2754 richtige
1452 2714 1737 2756 Inter-punitum,

249 2765 322 2796 wie
346 2765 458 2796 sehon
484 2765 594 2798 Corte
619 2767 765 2808 bewies‚
790 2778 854 2800 nur
879 2772 926 2802 ist
950 2772 1047 2803 nicht
1071 2770 1205 2812 niithig,
1231 2770 1334 2802 dicta
1358 2777 1403 2800 zu
1428 2769 1597 2801 erkliiren
1627 2770 1736 2802 durch

246 2820 398 2861 saepius
428 2820 535 2851 dicta.
596 2822 731 2853 Plinius
765 2825 865 2855 hiiuft
903 2826 980 2857 hler
1015 2828 1103 2858 nach
1137 2828 1259 2858 seiner
1295 2824 1535 2855 Gewohnheit
1571 2825 1735 2859 ziemlich
1794 2825 1800 2828 “

247 2875 579 2917 gleichbedeutende
604 2876 733 2909 Worte
757 2879 826 2910 und
864 2880 937 2911 wau
970 2881 1162 2913 andeuten:
1198 2882 1244 2912 ist
1277 2880 1363 2913 auch
1397 2879 1495 2913 nicht
1526 2879 1619 2914 alles
1650 2881 1737 2915 weit
