1855 3200
720 198 818 235 liber
848 199 1034 238 decimus
1512 198 1616 244 295

132 325 243 370 quae
279 313 318 355 ei
354 311 657 365 mandaveris,
695 314 856 368 maJora
891 316 1119 356 mereatur.
1195 314 1436 357 Parciorem
1473 329 1539 358 me
1574 320 1616 360 in

134 379 345 422 laudando
383 381 503 433 facit,
552 379 662 435 quod
699 393 857 436 spero7
906 381 979 422 tibi
1016 386 1059 424 et
1093 381 1376 437 integritatem
1409 384 1528 438 ejuS,
1574 389 1617 426 et

133 447 406 503 probitatem,
456 451 499 489 et
534 446 784 488 industriam
832 460 913 490 non
961 448 1095 490 solum
1143 462 1196 491 ex
1235 451 1330 503 ejus
1368 449 1615 504 honoribus,

131 526 241 570 quos
277 515 318 555 in
357 514 461 556 urbe
496 514 573 556 sub
609 514 745 556 oculis
780 515 866 557 tuis
900 516 1053 570 gessit,
1089 528 1237 558 verum
1275 519 1400 559 etiam
1421 531 1475 560 ex
1497 530 1613 560 com-

132 581 290 635 militio,
327 594 430 624 esse
465 582 737 623 notissimam.
808 581 919 624 Illud
955 594 1104 637 unum,
1139 582 1250 639 quod
1287 588 1463 639 propter
1499 586 1614 626 cari-

131 652 260 690 tatem
299 650 394 703 ejus
430 648 615 690 nondum
652 649 750 691 mihi
786 648 939 692 videor
974 651 1080 692 satis
1115 650 1244 706 plene
1281 651 1453 703 fecisse,
1489 651 1614 693 etiam

132 720 260 770 atque
297 715 423 757 etiam
445 715 576 773 faeio3
615 721 757 773 teque,
797 716 991 770 Domine,
1030 730 1147 772 rogo,
1183 716 1378 773 gaudere
1397 731 1462 760 me
1484 731 1615 761 exor-

132 786 231 823 nata
255 780 510 834 Quaestor-is
546 784 627 826 mei
663 783 883 839 dignitate,
918 783 961 826 id
986 789 1068 839 est,
1105 797 1184 840 per
1208 785 1323 827 illum
1346 797 1455 838 mea,
1491 797 1613 841 quam

129 850 413 893 maturissime
449 850 575 894 velis.

801 1001 945 1048 XII.

588 1112 641 1163 C.
680 1114 870 1163 Plinius
911 1114 1149 1179 TraJano.

263 1218 451 1261 Difficile
494 1222 583 1272 est,
628 1219 834 1275 Domine,
890 1220 1136 1276 exprimere
1185 1220 1358 1275 verbis,
1413 1225 1612 1276 quantam

132 1287 399 1342 perceperim
433 1286 659 1344 laetitiam,
704 1286 814 1343 quod
852 1291 895 1330 et
929 1287 1033 1329 mihi
1068 1291 1111 1330 et
1145 1287 1290 1329 socrui
1325 1297 1447 1329 meae
1482 1297 1611 1342 prae-

129 1352 292 1411 stitisti,
331 1357 376 1395 ut
410 1353 594 1398 adfinem
629 1355 724 1409 ejus
762 1350 956 1398 Caelium
984 1351 1249 1398 Clementem
1285 1355 1326 1396 in
1362 1353 1472 1396 hanc
1506 1366 1613 1410 pro-

130 1527 349 1569 eingesehen
373 1537 417 1559 zu
442 1529 566 1560 haben.
613 1528 813 1560 Jedenfaus
836 1531 960 1561 slehen
985 1531 1065 1571 ipse
1081 1531 1182 1571 apud
1197 1531 1232 1562 te
1251 1529 1318 1561 und
1342 1528 1609 1570 indulgentiam

128 1585 231 1615 tua-m
256 1584 362 1615 dubis
386 1585 433 1615 im
458 1583 660 1615 scliiirfsten
685 1582 916 1623 Gegensatze
950 1593 995 1616 zu
1021 1586 1212 1624 einander,
1246 1585 1315 1615 und
1340 1585 1376 1615 et
1398 1584 1536 1621 erliiilt,
1567 1584 1612 1614 da

128 1647 168 1671 es
193 1640 272 1670 eine
297 1640 509 1681 Steigerung
533 1639 596 1671 des
620 1639 946 1678 Vorliergelienden
971 1639 1123 1677 enimin,
1149 1642 1248 1670 seine
1274 1638 1370 1671 volle
1397 1639 1609 1679 Bedeutung.

129 1696 262 1726 Plinius
286 1695 462 1735 einpfielilt
485 1695 552 1726 den
577 1695 744 1726 Geminus
768 1695 844 1725 dem
870 1695 997 1726 Kaiser
1021 1704 1081 1733 so,
1107 1695 1189 1725 dass
1214 1702 1254 1726 er
1278 1693 1464 1733 wiiuscht,
1491 1693 1612 1724 dieser

130 1751 233 1791 iniige
259 1753 292 1782 in
315 1751 427 1792 Folge
452 1753 573 1781 seiner
597 1751 827 1790 Einpsehlung
850 1752 930 1781 eine
953 1754 1036 1790 gute
1059 1752 1227 1791 Meiuung
1252 1757 1322 1781 von
1342 1748 1464 1791 jenem
1488 1750 1612 1781 fassen

124 1808 216 1848 (ipse
238 1807 338 1847 apud
351 1807 386 1837 te
396 1807 564 1847 precibus
588 1808 673 1838 meis
695 1804 860 1845 faveas),
886 1808 958 1836 wie
975 1814 1015 1837 er
1028 1815 1068 1838 es
1087 1807 1120 1837 iu
1138 1807 1199 1837 der
1212 1806 1303 1837 Thac
1323 1805 1494 1837 vei-dieue
1516 1806 1609 1845 (pro

126 1862 306 1902 diynitate
329 1859 444 1901 ejus);
471 1865 561 1894 daun
585 1863 717 1903 spi-ioht
744 1870 784 1892 er
809 1861 968 1902 zugleich
994 1862 1050 1893 die
1068 1860 1369 1892 zuversiclitliohe
1390 1861 1610 1901 Erwartung

127 1924 212 1955 aim,
248 1915 379 1958 Trajan
410 1920 532 1949 werde
566 1927 605 1949 es
637 1919 723 1948 ancli
750 1918 841 1948 nicht
877 1924 924 1947 an
949 1916 1248 1950 ausdriicklicheu
1274 1917 1463 1948 Beweisen
1488 1917 1609 1947 seiner

128 1972 214 2002 Huld
251 1972 367 2004 felilen
403 1974 519 2004 lassen
556 1973 839 2013 [indulgentium
877 1973 982 2003 tuam
1021 1973 1154 2010 dabis).
1215 1973 1311 2003 Dass
1341 1972 1477 2002 Plinius
1511 1972 1608 2002 diese

126 2027 366 2068 indulgentia
393 2028 505 2060 selbst
530 2035 571 2059 so
596 2027 754 2069 erman,
779 2030 862 2069 geht
885 2037 950 2060 aus
975 2029 1051 2060 dem
1085 2027 1294 2069 folgenden:
1327 2035 1419 2067 quae
1441 2027 1472 2058 ei
1497 2034 1605 2058 man-

128 2083 284 2114 daveris
308 2085 451 2115 hei-vor.

216 2150 444 2182 Parciorem
469 2150 509 2182 in
533 2150 749 2188 laudando]
777 2161 805 2183 s.
831 2161 876 2183 zu
900 2150 932 2191 1,
956 2151 1010 2191 22,
1036 2150 1069 2182 4.

217 2217 285 2249 sub
311 2218 432 2250 oculis
458 2218 556 2254 tuis]
581 2217 714 2249 konnte
739 2219 845 2249 leieht
869 2219 969 2250 eines
983 2218 1253 2249 Germanismus
1278 2213 1485 2254 verdaclitig
1510 2220 1608 2244 wer-

125 2273 215 2315 den,
240 2274 351 2317 dooh‚
386 2274 546 2315 obgleich
571 2274 628 2305 die
651 2274 868 2305 classischen
894 2273 1152 2305 Schriftsteller
1184 2271 1315 2302 lieber:
1353 2272 1390 2302 in
1414 2269 1609 2309 conspectu

125 2329 193 2360 tuo
228 2338 360 2370 sagen,
394 2339 436 2362 so
469 2331 574 2362 findet
607 2338 648 2361 es
680 2331 754 2361 sich
787 2330 877 2361 doch
910 2330 1000 2361 auch
1032 2329 1163 2360 Justin.
1190 2326 1223 2367 1,
1245 2326 1277 2357 4.
1312 2325 1407 2357 Flor.
1436 2326 1470 2362 2,
1495 2323 1549 2363 15,
1573 2323 1606 2354 7.

126 2383 159 2425 4,
183 2384 215 2423 2,
240 2385 295 2415 52.
322 2383 356 2425 4,
378 2385 411 2423 ¹7,
434 2385 468 2415 8.

216 2450 250 2480 3.
275 2450 313 2481 id
337 2451 406 2490 est,
429 2460 497 2491 per
520 2452 623 2483 illum
648 2452 748 2489 mea]
773 2452 855 2483 hielt
880 2450 1010 2482 Gruter
1033 2451 1094 2481 mit
1118 2448 1272 2480 Unrecht
1295 2445 1354 2478 fiir
1384 2446 1450 2478 den
1474 2446 1609 2478 zusatz

127 2505 228 2536 eines
253 2504 481 2544 mossarum,
513 2506 604 2537 deun
627 2507 829 2548 abgesehen
856 2507 993 2546 davon‚
1025 2506 1107 2536 dass
1133 2505 1271 2536 Plinius
1300 2503 1455 2534 dadurcli
1488 2502 1609 2533 seiner

129 2561 220 2592 Bitte
246 2561 302 2591 ein
326 2561 517 2601 grosseres
531 2561 696 2594 Gewicht
719 2571 762 2594 zu
787 2562 899 2603 geben
915 2560 1012 2601 hofst,
1037 2560 1114 2590 sind
1139 2560 1272 2600 gei-ade
1296 2558 1419 2589 solclie
1435 2556 1608 2596 Zusfitoe,

127 2617 162 2648 in
186 2616 350 2648 welchen
377 2619 432 2648 ein
457 2618 634 2656 gewisses
659 2617 853 2657 Wortspiel
876 2617 954 2648 sicli
978 2615 1167 2655 kundthut‚
1200 2621 1293 2656 ganz
1317 2614 1363 2645 im
1388 2613 1511 2645 Geiste
1535 2619 1604 2644 un-

126 2679 229 2704 seres
253 2671 541 2703 Schriftstellers.

221 2757 336 2793 XII.
361 2759 393 2791 1.
418 2760 624 2801 eoeprz'mere
647 2760 783 2797 verbis]
809 2768 838 2790 s·
863 2768 908 2791 zu
932 2759 964 2799 5,
989 2757 1044 2797 15,
1067 2757 1100 2790 2.

217 2823 375 2867 adfinem
398 2824 494 2865 ejus]
520 2826 557 2858 ln
581 2827 699 2868 einige
713 2827 782 2859 alte
798 2826 987 2867 Ausgaben
1014 2825 1076 2857 hat
1097 2825 1172 2857 sich
1198 2825 1255 2857 die
1273 2824 1404 2857 nesart
1427 2822 1475 2855 ad
1497 2819 1606 2862 finem

128 2880 350 2914 consulatus
375 2883 524 2920 verit-rt,
556 2882 716 2915 welcher
754 2889 819 2914 nur
841 2881 994 2914 dadurch
1021 2882 1078 2913 ein
1103 2880 1341 2923 ertriiglicher
1366 2880 1452 2912 Sinn
1483 2878 1605 2908 unter-
