1855 3200
656 199 756 237 liber
787 197 997 237 secundus.
1493 195 1594 240 107

109 318 151 356 et
186 311 383 354 adrasum
420 317 501 355 est.
575 314 788 356 Firminus
824 313 1024 356 inductus
1061 314 1100 354 in
1124 312 1332 356 Senatum
1370 315 1596 370 respondit

105 379 263 422 crimini
302 385 411 423 noto.
483 379 675 423 Secutae
712 386 812 423 sunt
847 381 1053 423 diversae
1090 380 1336 423 sententiae
1359 378 1594 423 Consulum

105 445 444 501 designatorum.
516 445 735 490 Cornutus
761 449 984 491 Tertullus
1020 448 1187 491 censuit
1224 447 1376 490 ordine
1411 460 1595 490 moven-

104 513 225 555 dum:
283 515 464 556 Acutius
512 516 687 567 Nerva,
734 516 776 556 in
822 516 1046 559 sortitione
1092 516 1343 571 provinciae
1390 516 1595 558 rationein

104 583 200 636 ejus
224 593 305 622 nen
330 581 580 625 habendam.
647 581 769 634 Quae
790 584 1019 635 sententia,
1055 587 1264 638 tamquam
1289 582 1441 635 mitior,
1478 583 1597 634 vicit,

103 660 195 690 cum
244 648 301 689 sit
348 649 505 705 alioqui
548 649 692 691 durior
734 649 994 705 tristiorque.
1067 648 1178 705 Quid
1222 650 1334 692 enim
1379 650 1597 701 miserius,

102 727 224 771 quam
272 722 493 758 exsectum
529 722 574 760 et
617 720 827 759 exemtuin
874 716 1106 758 honoribus
1150 718 1402 773 senatoriis,
1451 717 1598 759 labore

102 788 145 825 et
180 784 376 825 molestia
412 798 495 826 non
532 778 718 827 carere?
760 781 859 840 quid
892 784 1098 840 gravius,
1148 797 1271 840 quam
1316 788 1435 826 tanta
1470 785 1597 840 igno-

102 850 227 891 minia
265 850 492 909 adfectum,
529 865 611 894 non
647 851 689 892 in
725 851 955 893 solitudine
991 852 1142 906 latere,
1179 850 1258 894 sed
1297 851 1336 892 in
1363 850 1444 893 hac
1468 852 1597 893 allis-

103 917 207 959 sima
244 919 421 974 specula
458 918 804 975 conspiciendum
841 932 890 961 se
910 917 1315 975 monstrandumque
1354 912 1597 974 praebere?-

102 985 353 1042 Praeterea,
392 986 492 1042 quid
530 988 695 1042 publice
732 987 871 1027 minus
895 990 968 1028 aut
988 999 1235 1041 congruens
1272 990 1344 1028 aut
1365 984 1592 1044 decorum3

103 1056 289 1094 notatum
333 1065 358 1093 a
402 1053 568 1095 Senatu
617 1054 656 1095 in
707 1053 873 1096 Senatu
918 1048 1114 1096 sedere?
1168 1054 1360 1109 ipsisque
1407 1055 1518 1106 illis,
1569 1065 1594 1094 a

100 1119 255 1174 quibus
298 1119 356 1160 sit
402 1124 596 1172 notatus,
645 1114 856 1175 aequari?
908 1121 1146 1162 submotum
1191 1133 1218 1161 a
1261 1122 1594 1173 Proconsulatu,

101 1186 199 1242 quia
242 1199 292 1229 se
333 1187 374 1227 in
411 1187 630 1242 legatione
675 1188 856 1242 turpiter
891 1191 1116 1241 gesserat,
1161 1186 1217 1229 de
1255 1187 1595 1228 proconsulibus

91 1246 324 1307 Judicare?
382 1253 710 1309 damnatumque
760 1253 946 1295 sordium
992 1255 1066 1296 vel
1116 1254 1321 1296 damnare
1368 1255 1475 1295 alios
1522 1254 1594 1297 vel

100 1314 371 1363 absolvere?
415 1320 508 1363 Sed
530 1321 611 1363 hoc
635 1321 828 1376 pluribus
852 1321 991 1363 visum
1014 1326 1094 1363 est.
1166 1322 1457 1363 Numerantur
1483 1322 1593 1363 enim

99 1387 355 1442 sententiae,
391 1401 473 1430 non
509 1388 823 1444 ponderantur:
860 1401 941 1430 nec
976 1387 1093 1429 alind
1130 1389 1170 1430 in
1208 1388 1375 1444 publico
1410 1388 1593 1430 consilio

99 1458 244 1509 potest
278 1454 385 1512 fieri,
423 1455 467 1497 in
504 1469 586 1512 quo
624 1455 726 1497 nihil
764 1459 832 1498 est
868 1459 952 1497 tam
989 1456 1231 1512 inaequale,
1269 1467 1392 1512 quam
1429 1468 1594 1512 aequa-

101 1521 200 1562 litas
235 1521 343 1576 ipsa.
395 1523 505 1566 Nam
541 1537 636 1564 cum
671 1523 727 1564 sit
756 1523 890 1578 impar
925 1522 1166 1578 prudentia,
1201 1537 1281 1580 par
1317 1524 1497 1566 omnium
1517 1525 1592 1578 jus

104 1592 184 1629 est.
238 1588 426 1643 Implevi
459 1590 730 1644 promissum,
766 1590 1008 1644 priorisque
1027 1592 1240 1646 epistolae
1258 1589 1384 1634 fidem
1406 1591 1592 1642 exsolvi,

104 1720 259 1751 &Vorteu
285 1723 404 1752 nescio
430 1729 479 1751 cm
504 1721 600 1752 satis
625 1720 669 1762 (s.
696 1730 738 1752 zu
763 1721 796 1759 2,
820 1722 854 1761 2,
878 1721 926 1760 1.)
952 1723 1131 1754 sclionend
1156 1731 1218 1761 an,
1244 1723 1372 1755 trustet
1405 1723 1480 1753 sich
1506 1721 1593 1755 aber

103 1775 226 1813 damit,
260 1775 343 1806 dass
380 1785 419 1807 es
447 1779 667 1817 weufgateus
693 1778 853 1808 zieinlicli
881 1778 1056 1818 abgetlian
1092 1781 1135 1809 ist
1160 1777 1438 1819 (circumcisum
1462 1779 1498 1808 et
1519 1778 1591 1809 ad-

101 1831 258 1869 rasum).
309 1832 355 1862 Es
381 1832 514 1863 kommt
540 1833 616 1863 liiei·
641 1834 762 1872 wenig
777 1833 904 1863 darauf
923 1842 980 1869 an,
1006 1834 1164 1864 welches
1191 1842 1264 1864 von
1291 1833 1415 1864 beiden
1435 1834 1590 1865 VVorten

102 1887 164 1917 das
178 1878 355 1918 starkere'
369 1889 433 1924 ist;
460 1888 561 1918 beide
575 1888 686 1918 sollen
704 1896 768 1918 nur
784 1889 892 1919 Einen
909 1888 1042 1926 Begriff
1063 1889 1256 1920 entlialten.
1291 1890 1371 1919 Man
1397 1889 1457 1919 hat
1475 1897 1592 1927 zwar,

102 1944 210 1973 meint
235 1951 287 1983 er,
313 1943 368 1974 die
386 1943 526 1974 xvunde
552 1945 647 1974 niclit
671 1945 922 1984 ausgebranut‚
948 1945 1044 1976 nicht
1069 1945 1376 1985 ausgescliuitten‚
1401 1932 1487 1976 aber
1511 1953 1591 1976 man

103 1999 161 2030 liat
184 2001 236 2030 sie
262 1999 353 2030 doch
378 1999 603 2030 unsclia‘dlicli
629 2000 793 2040 gemacht
817 2000 1114 2031 circumcidendo
1139 2002 1174 2032 et
1196 2000 1426 2032 adradendo.

195 2067 228 2097 3.
255 2066 460 2102 ems-ectum]
488 2074 530 2096 so
555 2067 642 2097 auch
667 2067 721 2097 bei
746 2065 817 2097 Cic.
846 2066 934 2098 Phil.
959 2068 993 2105 S,
1017 2068 1048 2098 5.
1075 2069 1172 2098 sext.
1199 2067 1254 2097 65.
1304 2068 1351 2098 Es
1377 2068 1505 2099 bedarf
1525 2070 1590 2101 der

102 2119 358 2162 Coujecturen:
391 2122 586 2160 mactum,
620 2122 772 2153 exutum
797 2123 914 2160 niclit3
950 2130 1129 2154 eoesecare
1162 2124 1219 2153 ein
1250 2127 1354 2162 guter
1378 2129 1468 2163 trop.
1494 2126 1592 2155 Aus-

100 2178 232 2215 druck‚
259 2178 533 2218 liergenommen
562 2186 630 2209 von
656 2179 722 2209 den
748 2179 921 2217 Aer-men,
954 2179 1095 2210 welche
1119 2179 1330 2210 krankliaste
1356 2179 1506 2219 Thalle,
1535 2180 1591 2211 die

98 2233 280 2263 unlieilbar
304 2233 394 2271 sind,
419 2235 707 2273 wegschneielen.

187 2288 222 2319 4.
248 2287 392 2324 sordes]
420 2289 627 2320 bezeiclinet
652 2291 745 2320 hier:
781 2290 1030 2329 schinutzi'gen
1054 2291 1233 2327 Erwerb,
1257 2291 1497 2323 entebrenden
1517 2291 1588 2322 Ge-

102 2345 214 2383 winn,
237 2352 280 2374 so
305 2345 368 2383 ost,
393 2352 425 2375 z.
455 2345 491 2376 B.
518 2344 594 2376 Cic.
621 2345 687 2376 Off.
718 2345 747 2385 1,
771 2345 827 2376 42.
852 2346 950 2376 Fam.
978 2346 1030 2384 12,
1054 2347 1110 2378 36.
1135 2348 1254 2385 Quint.
1280 2349 1312 2385 6,
1335 2346 1368 2376 3.

186 2411 219 2441 5.
248 2410 510 2442 Numerantur
537 2429 572 2434 —
598 2411 878 2451 ponderantur]
905 2412 1025 2443 VVenn
1059 2413 1115 2443 die
1140 2413 1312 2443 Stimmen
1344 2419 1413 2442 nur
1444 2411 1590 2452 geziililt

103 2475 130 2497 u
142 2467 260 2504 erden,
284 2467 375 2498 ohne
398 2468 496 2498 ihren
522 2466 635 2498 {nlialt
661 2476 704 2498 zu
729 2466 876 2507 priifen,
899 2476 940 2497 so
966 2476 1061 2497 muss
1085 2475 1124 2498 es
1150 2467 1201 2497 oft
1225 2466 1403 2505 kommem
1427 2467 1509 2497 dass
1533 2466 1590 2498 die

103 2522 327 2561 flelilechtere
353 2524 500 2553 Ansiclit
523 2522 589 2553 den
616 2524 698 2560 Sieg
722 2522 948 2561 daventriigt.
998 2521 1084 2552 Wie
1108 2522 1215 2552 daher
1241 2521 1333 2552 Plin.
1356 2522 1473 2553 dieses
1494 2522 1589 2553 Ver-

105 2575 226 2606 l'aliren
253 2576 330 2605 liier
356 2576 520 2616 beklagt‚
543 2585 584 2607 so
611 2578 725 2608 maclit.
748 2577 878 2608 Cicero
904 2579 937 2607 in
963 2578 1115 2607 auderet
1141 2578 1338 2618 Bezieliung
1362 2577 1497 2618 gerade
1520 2578 1588 2609 deu

104 2632 467 2670 enigegeugesetzten
481 2631 682 2662 Gruudsatz
706 2632 760 2662 als
785 2632 850 2663 den
876 2632 1092 2671 riclitigeren
1116 2633 1272 2674 gellend‚
1296 2633 1340 2664 de
1365 2633 1459 2664 offic.
1484 2633 1587 2672 2,22‚

110 2684 166 2717 13:
191 2693 264 2716 ηοη
290 2686 388 2716 enim
411 2694 566 2717 numero
592 2687 678 2717 haec
697 2684 936 2725 judicantur,
961 2687 1022 2718 sed
1043 2687 1216 2728 pondere.

192 2753 292 2792 ipsa]
317 2754 469 2784 streiclit
493 2753 595 2784 Titze
633 2754 720 2784 uacli
751 2754 815 2785 der
846 2754 950 2794 Prag.
978 2754 1171 2786 Handschr.
1198 2755 1293 2786 wolil
1327 2757 1389 2787 mit
1422 2756 1587 2791 Unreclit‚

106 2807 218 2838 zumal
245 2809 290 2838 da
314 2817 353 2839 es
377 2809 462 2839 ancli
488 2809 522 2839 iu
548 2808 613 2840 der
636 2809 896 2841 Parallelstelle
920 2809 951 2848 9,
975 2811 1008 2849 5,
1032 2810 1053 2839 3
1078 2811 1174 2841 nicht
1198 2810 1294 2841 fehlt.
1319 2827 1364 2834 —

193 2875 213 2904 6
251 2876 388 2907 eoesolvz'
418 2874 546 2916 sidem]
582 2876 681 2907 Eheu·
710 2886 750 2908 so
784 2874 893 2917 (idem
927 2878 1115 2908 exsolvere
1148 2877 1222 2909 Cic.
1258 2878 1353 2909 Fam.
1393 2877 1443 2917 10,
1473 2876 1530 2916 21,
1553 2876 1586 2904 S·

1637 659 1664 694 3
