1855 3200
712 224 814 265 liber
840 232 980 266 nonus,
1478 217 1584 264 265

100 340 228 386 bendi
275 340 448 398 cupido,
507 346 553 385 ut
598 341 817 400 possideri
855 340 1013 398 magis,
1074 352 1196 398 quam
1241 336 1469 400 possidere
1517 337 1587 381 vi-

103 408 301 453 deantur.
363 409 489 453 Vale.

730 562 957 609 XXXI.

488 685 542 735 C.
579 685 767 734 Plinius
803 684 970 735 Sardo
1006 683 1111 735 Suo
1147 683 1202 734 S.

241 804 473 859 Postquam
509 814 534 844 a
570 807 612 846 te
648 804 827 860 recessi,
866 816 949 846 non
975 803 1111 844 minus
1145 806 1298 855 tecum,
1336 812 1461 856 quam
1495 812 1590 842 cum
1631 801 1654 838 1

105 869 218 927 apud
255 876 298 914 te
333 871 405 913 fui.
476 870 587 926 Legi
625 872 734 913 enim
770 871 917 913 librum
954 876 1085 923 tuum,
1121 867 1354 912 identidem
1385 872 1590 924 repetens

106 951 158 983 ea
193 939 376 981 maxime
413 936 525 993 (non
564 938 674 981 enim
709 935 949 997 mentiar)>
996 949 1109 994 quae
1156 936 1210 979 de
1255 948 1322 978 me
1359 935 1590 991 scripsisti.

104 1006 156 1048 In
194 1006 348 1063 quibus
385 1004 555 1061 quidem
588 1006 877 1062 percopiosus
913 1005 1045 1047 fuisti.
1119 1002 1253 1057 Quam
1284 1003 1427 1057 multa,
1466 1014 1590 1059 quam

108 1074 257 1126 varia,
304 1084 429 1128 quam
471 1086 555 1115 non
601 1071 751 1115 eadem
797 1072 851 1115 de
887 1072 1057 1125 eodem,
1105 1083 1186 1114 nec
1221 1077 1361 1113 tamen
1400 1069 1590 1121 diversa,

104 1136 271 1183 dixisti!
354 1138 547 1183 Laudem
598 1141 760 1195 pariter
818 1145 862 1183 et
917 1139 1084 1196 gratias
1139 1132 1299 1194 agam?
1381 1139 1590 1180 Neutrum
1633 1140 1656 1176 2

105 1208 216 1250 satis
252 1219 443 1263 possum,
480 1211 536 1260 et,
574 1209 612 1248 si
648 1219 837 1263 possem,
875 1207 1082 1258 timerem,
1118 1218 1175 1249 ne
1210 1217 1420 1260 arrogans
1455 1207 1589 1257 esset,

105 1275 157 1318 ob
194 1286 247 1317 ea
281 1272 478 1327 laudare,
516 1274 567 1316 ob
604 1286 717 1330 quae
751 1274 915 1329 gratias
935 1285 1124 1329 agerem.
1195 1272 1335 1315 Unum
1372 1271 1472 1313 illud
1510 1269 1591 1312 ad-

105 1342 218 1400 dam,
257 1341 395 1383 omnia
417 1341 516 1383 mihi
544 1345 661 1383 tanto
683 1340 961 1384 laudabiliora
985 1341 1096 1397 visa,
1134 1343 1292 1397 quanto
1308 1338 1590 1397 jucundiora3

106 1414 151 1453 et
184 1412 303 1452 tanto
332 1408 602 1463 Juciindiora‚
640 1413 797 1465 quanto
833 1408 1114 1451 laudabiliora
1153 1411 1290 1451 erant.
1362 1405 1487 1449 Vale.

199 1604 403 1648 possideri,
434 1613 545 1647 quam
579 1605 783 1647 possidere]
823 1605 904 1637 eine
934 1603 1114 1636 offenbare
1146 1603 1397 1644 Naclialimung
1436 1603 1500 1635 cler
1531 1603 1594 1634 be-

109 1662 266 1694 kannten
293 1662 464 1693 Antwort
487 1662 549 1692 des
574 1663 747 1702 Aristipp:
775 1661 848 1701 ἔχω,
874 1658 933 1691 οὐκ
958 1660 1098 1699 ἔχομαιε
1122 1659 1250 1699 liabeo,
1277 1667 1351 1690 non
1375 1657 1515 1689 habeor
1539 1659 1594 1690 bei

110 1717 185 1750 Cic.
221 1717 320 1749 Fam.
346 1718 379 1757 9,
403 1717 458 1756 26,
483 1719 515 1749 6.
547 1718 623 1748 wie
654 1719 743 1749 auch
779 1716 910 1748 Sallust
945 1717 1055 1747 sehon
1091 1720 1192 1756 sagt:
1225 1715 1330 1746 hahet
1365 1722 1483 1754 neque
1519 1715 1595 1754 ipse

109 1772 268 1806 habetur
293 1772 377 1804 Sall.
406 1772 489 1814 Jug.
513 1773 546 1813 2,
562 1775 594 1804 3.
620 1774 736 1814 vergl.
764 1774 891 1804 senec.
917 1773 980 1803 vit.
1006 1770 1098 1802 beat.
1127 1770 1181 1803 14.
1208 1772 1264 1801 ira
1289 1770 1322 1811 1,
1352 1771 1404 1802 16.
1432 1771 1533 1810 epist.
1560 1771 1592 1800 8.

109 1829 444 1861 Bemerkenswerlh
470 1830 515 1859 ist
542 1829 616 1861 hier
642 1829 696 1860 die
715 1827 846 1868 Kiirze,
873 1828 1010 1859 welche
1028 1828 1119 1858 oline
1134 1828 1348 1868 Besorgniss
1367 1829 1468 1858 eines
1486 1827 1594 1857 Miss-

108 1884 405 1918 vei-standnisses
430 1885 484 1916 die
510 1883 657 1926 Objecle
682 1894 727 1916 zu
751 1885 879 1916 habere
906 1884 974 1915 und
1000 1883 1189 1925 possidere
1214 1883 1469 1923 verscliweigt.

199 1993 381 2028 XXXI.
407 1995 438 2026 2.
465 1996 642 2037 obtquae]
677 1996 783 2028 Diese
807 2004 899 2036 ganz
925 1997 1221 2037 ungewiilmliclie
1248 1995 1498 2027 Construction
1526 2002 1595 2025 von

111 2053 257 2093 arucias
278 2060 388 2092 ayere
411 2053 472 2082 mit
497 2050 538 2083 ob
564 2052 653 2084 liisst
678 2053 750 2084 sicli
777 2052 955 2083 vielleiclit
981 2053 1055 2083 hier
1080 2059 1210 2092 wegen
1236 2051 1295 2082 des
1324 2049 1594 2090 vorlici-gelien-

110 2109 177 2139 den
203 2108 244 2139 ob
265 2115 310 2139 ea
334 2107 388 2138 als
413 2110 491 2139 eine
515 2109 579 2139 Art
606 2116 675 2139 von
700 2110 904 2140 Atti-action
931 2108 1112 2138 erl-zlz'iren.

201 2199 324 2230 omnia
348 2213 391 2220 --
416 2199 542 2236 erant]
578 2198 707 2230 Dieses
743 2199 842 2230 melu·
878 2197 1138 2229 scliimuiernde
1163 2196 1215 2227 als
1240 2196 1370 2227 scliiine
1396 2193 1594 2233 wortsplel

112 2257 193 2295 sagt
217 2256 252 2285 iu
279 2255 401 2285 beiden
426 2254 555 2285 Siitzen
581 2263 665 2292 nur,
690 2255 771 2285 dass
796 2254 865 2284 ihm
891 2254 968 2284 sein
994 2253 1070 2284 Lob
1096 2253 1231 2284 lieblich
1256 2251 1478 2292 gekluugen:
1503 2251 1593 2281 deun

110 2311 168 2342 die
192 2311 349 2350 Stellen‚
386 2310 527 2341 welche
553 2310 644 2341 mein
671 2310 746 2341 Lol)
771 2309 985 2347 eutliieltffli,
1018 2308 1145 2340 fanden
1172 2308 1309 2338 mciuen
1337 2304 1592 2346 vorziigliclieu

111 2365 233 2396 Beifall
258 2365 381 2401 (tanto
407 2381 447 2388 —
467 2362 726 2404 jucundiora)
751 2366 818 2397 und
840 2363 877 2406 je
903 2366 1001 2396 melu·
1025 2365 1120 2394 diess
1145 2365 1209 2394 der
1234 2363 1309 2394 Fall
1334 2371 1414 2393 war
1439 2362 1593 2403 (quanto

111 2419 415 2462 laudabiliora),
441 2421 543 2452 desto
569 2421 683 2453 lieber
707 2422 796 2454 habe
820 2422 874 2452 icli
901 2422 1005 2452 illuen
1031 2421 1124 2451 mein
1148 2418 1221 2450 Olir
1245 2418 1443 2459 gesclicukt
1473 2418 1594 2454 (tanto

105 2472 373 2516 jucundiora).
