1855 3200
203 188 313 232 244
766 187 882 225 Plinii
914 188 1162 235 epistolarum

200 306 384 363 Eadem,
422 304 460 346 si
496 302 665 361 quando
691 303 840 359 recito,
878 303 919 344 in
951 302 1158 358 proximo,
1198 300 1384 345 discreta
1405 303 1521 361 velo,
1558 300 1685 346 sedet

163 374 438 429 4laudesque
486 376 660 415 nostras
716 368 980 413 avidissimis
1027 369 1200 411 auribus
1252 370 1423 426 excipit.
1512 369 1684 413 Versus

202 440 370 498 quidem
406 452 526 483 meos
563 441 707 481 cantat
743 437 869 479 etiam
904 436 1141 491 formatque
1177 435 1362 494 cithara,
1387 426 1482 479 'non
1520 437 1683 480 artifice

202 510 346 565 aliquo
393 507 598 561 docente,
655 502 734 546 sed
782 515 949 558 amore,
1000 503 1071 558 qui
1116 503 1322 558 magister
1373 507 1441 547 est
1486 505 1681 560 optimus.

163 576 288 622 5His
325 588 380 617 cx
423 573 592 615 caussis
636 571 679 611 in
714 583 833 625 spem
871 570 1148 612 certissimam
1184 568 1400 623 adducor,
1437 575 1684 627 perpetuam

205 643 328 686 nobis
362 642 650 694 maj0remque
685 638 726 678 in
764 637 858 679 dies
892 636 1075 679 suturam
1105 649 1210 681 esse
1233 637 1515 680 concordiam.
1584 639 1683 680 Non

206 709 315 752 enim
353 710 537 749 aetatem
573 717 705 748 meam
717 737 730 762 ,
768 708 842 746 aut
876 717 1054 762 corpus,
1089 716 1199 760 quae
1234 703 1453 761 paullatim
1488 704 1685 747 occidunt

166 788 255 829 flac
291 776 549 830 senescunt,
596 771 675 814 sed
710 772 889 826 gloriam
931 770 1080 826 diligit,
1159 772 1254 814 Nec
1288 770 1403 813 aliud
1440 769 1563 813 decet
1598 772 1684 812 tuis

201 842 396 888 manibus
432 839 675 886 educatam,
717 839 803 881 tuis
837 839 1083 895 praeceptis
1119 838 1380 881 institutam:
1427 850 1539 895 quae
1583 837 1686 880 nihil

200 911 244 952 in
275 908 550 953 contubernio
587 911 660 949 tuo
685 905 858 965 viderit,
894 907 1191 949 nisisanctum
1206 905 1539 962 honestumque:
1576 917 1687 962 quae

163 976 391 1033 vdenique
426 987 571 1019 amare
592 985 660 1017 me
681 987 737 1017 ex
763 978 835 1016 tua
870 973 1191 1030 praedicatione
1214 973 1504 1017 consueverit.
1573 974 1687 1015 Nam

203 1058 295 1088 cum
329 1048 509 1086 matrem
542 1053 679 1085 meam
714 1042 912 1098 parentis
945 1042 1043 1084 vice
1079 1040 1308 1098 dilexeris3
1354 1054 1422 1084 me
1457 1053 1626 1098 quoque
1660 1052 1689 1082 a

200 1111 388 1168 pueritia
422 1110 567 1152 statim
604 1109 810 1165 formare,
858 1108 1062 1166 laudaro,
1107 1109 1342 1166 talemque,
1388 1108 1529 1166 qualis
1575 1119 1688 1150 nunc

201 1178 328 1221 uxori
350 1189 472 1220 meae
489 1175 656 1234 videor,
693 1176 868 1218 ominari
889 1176 1078 1219 solebas.
1137 1173 1341 1218 Certatim
1365 1189 1469 1232 ergo
1490 1175 1566 1217 tibi
1580 1186 1684 1230 gra-

202 1246 286 1287 tias
311 1244 505 1300 agimus:
541 1255 638 1298 ego,
681 1242 794 1298 quod
831 1243 944 1285 illam
977 1243 1094 1297 mihi,
1132 1243 1226 1299 illa,
1264 1241 1375 1298 quod
1400 1256 1467 1285 me
1496 1242 1577 1284 sibi
1605 1241 1688 1284 de-

203 1311 336 1370 deris,
371 1310 494 1367 quasi
528 1309 713 1353 invicem
749 1310 952 1365 elegeris.
1026 1310 1152 1352 Vale.

295 1489 483 1530 eoecipere]
519 1487 589 1520 oft:
620 1487 714 1528 „das
750 1487 881 1527 hiiren,
919 1495 998 1518 was
1029 1487 1216 1528 eigentlich
1253 1487 1348 1517 nicht.
1379 1484 1436 1517 fiir
1466 1494 1530 1517 uns
1564 1489 1689 1526 gesagt

204 1543 376 1581 wurde“‚
408 1544 536 1576 daher:
572 1541 896 1583 ‚‚aufschnappen“‚
928 1543 1005 1573 Liv.
1030 1542 1064 1581 2,
1087 1542 1121 1573 4.
1148 1542 1204 1583 11,
1227 1541 1262 1575 ’7.
1315 1541 1464 1573 Endlich
1496 1542 1583 1573 auch
1617 1549 1692 1572 von

203 1602 330 1641 denen,
353 1599 493 1631 welche
515 1599 690 1639 herchem
713 1601 784 1631 wie
808 1599 884 1630 hier
907 1595 1116 1638 Calpurnia.

292 1689 326 1721 4.
349 1687 521 1729 formare
545 1695 673 1720 versus
697 1688 862 1725 cithara]
889 1686 1160 1729 eigenthiimlich
1185 1690 1328 1729 gesaget
1353 1687 1433 1727 „die
1456 1688 1575 1719 verse
1598 1687 1690 1719 nach

202 1748 328 1788 eigner
351 1745 506 1776 Melodie
531 1753 597 1776 zur
622 1744 743 1776 Cither
766 1746 915 1785 singen,
947 1746 1000 1776 sie
1025 1743 1302 1783 componiren“;
1327 1743 1425 1774 diess
1450 1745 1584 1775 nannte
1609 1751 1690 1774 man

205 1807 313 1833 sonst'
338 1799 468 1832 modos
497 1798 645 1840 facere,
677 1799 748 1830 Cic.
783 1801 815 1830 d.
847 1801 937 1830 orat.
962 1799 997 1836 3,
1022 1799 1098 1830 102.
1155 1799 1272 1838 virgil
1304 1802 1412 1830 neunt
1445 1807 1505 1829 es:
1534 1805 1688 1829 carmen

205 1855 396 1888 modulari
420 1862 561 1893 aventu
587 1855 642 1886 bei
667 1855 807 1886 Statius
833 1853 923 1884 Silv.
947 1854 982 1894 3,
1007 1856 1040 1892 5,
1064 1855 1126 1885 65:
1148 1854 1309 1898 flectere.

295 1946 327 1975 6.
353 1946 416 1981 eae]
443 1953 472 1974 s,
498 1951 545 1974 zu
571 1944 592 1982 S
613 1942 651 1974 2,,

295 2036 329 2066 ’7.
353 2033 527 2076 parentis
550 2034 630 2064 vice
655 2031 855 2069 dilexeris]
881 2032 945 2063 Die
959 2031 1155 2063 variante:
1178 2031 1345 2072 parentis
1369 2031 1449 2064 loco
1466 2039 1690 2065 venerarere

206 2094 253 2124 ist
280 2089 468 2133 Jedenfalls
502 2096 568 2120 aus
601 2088 678 2119 dem
713 2089 916 2129 unzeitigen
953 2087 1142 2119 Bedeuken
1175 2088 1275 2118 eines
1307 2087 1582 2130 Abschreibem‚
1615 2090 1690 2121 wie

205 2147 304 2178 wohl
329 2144 485 2185 Hispulla
510 2144 621 2175 schon
647 2151 689 2174 an
710 2143 842 2174 Plinius
858 2145 989 2175 Mutter
1013 2145 1069 2175 die
1083 2142 1192 2173 Stelle
1217 2143 1318 2173 einer
1336 2144 1467 2174 Mutter
1490 2144 1578 2175 habe
1602 2152 1692 2175 ver-

205 2205 321 2235 treten
344 2201 507 2240 konnen,
533 2199 765 2240 entstanden,
797 2199 906 2230 daher
928 2206 970 2230 er
993 2198 1055 2229 das
1080 2196 1306 2229 verhz‘iltniss
1329 2197 1527 2230 umkehrte.
1554 2215 1596 2221 —
1617 2208 1687 2238 pa-

206 2258 326 2290 rentis
350 2259 426 2288 vice
450 2265 495 2282 ε.-
519 2256 700 2296 tanquam
723 2260 877 2295 parens.

297 2355 353 2379 me
378 2345 537 2388 quoque]
562 2345 619 2375 die
637 2343 741 2383 Vulg.
766 2343 828 2374 hat
844 2349 974 2382 meque
989 2341 1058 2373 und
1074 2348 1139 2372 me.
1189 2340 1264 2372 Nun
1278 2341 1354 2372 sind
1370 2342 1455 2373 aber
1472 2342 1528 2373 die
1542 2342 1687 2382 stenen,

208 2405 315 2436 durch
329 2403 470 2434 welche
490 2409 570 2432 man
586 2400 652 2431 den
668 2398 851 2430 Gehrauch
870 2406 941 2429 von
959 2405 1027 2437 que
1051 2395 1109 2428 fiir
1133 2403 1279 2438 quoque
1305 2398 1487 2429 beweisen
1503 2398 1592 2437 will,
1616 2400 1689 2430 wie

209 2461 318 2491 Tacit.
345 2460 434 2489 Anu.
459 2458 492 2498 6,
519 2456 572 2487 19.
597 2455 690 2487 Veli.
718 2454 747 2496 1,
771 2453 803 2484 S.
837 2453 919 2484 Liv.
944 2453 1002 2491 42,
1025 2454 1058 2483 5.
1091 2453 1214 2484 Aurel.
1241 2452 1333 2483 Vict.
1360 2452 1463 2484 Caes.
1485 2455 1517 2484 3.
1543 2453 1600 2485 30.
1626 2454 1690 2485 mit

211 2514 412 2544 Ausnahme
442 2514 506 2544 der
544 2512 701 2542 letztern
734 2508 804 2540 alle
836 2509 1084 2552 zweifelhaft‚
1130 2508 1241 2539 daher
1272 2509 1358 2539 auch
1391 2508 1446 2539 die
1477 2508 1586 2540 durch
1619 2508 1688 2540 den

211 2568 319 2608 Prag.
345 2566 533 2608 bestiitigte
559 2563 753 2608 Conjeotur
776 2564 839 2597 des
863 2564 1095 2598 casaubonus
1121 2564 1198 2595 hier
1231 2563 1298 2595 den
1323 2563 1468 2606 Vorzug
1492 2565 1690 2598 vex-cliente.
