1855 3200
228 170 331 215 140
608 172 727 213 Plinii
756 173 1008 222 epistolarum
1040 173 1140 214 liber
1169 176 1379 216 secundus.

160 288 423 348 13Adspice
455 289 686 348 Regulum,
723 290 796 348 qui
830 303 887 334 ex
920 302 1116 347 paupere
1152 295 1196 334 et
1230 291 1347 335 tenui
1369 290 1427 335 ad
1450 293 1594 334 tantas
1614 304 1722 349 opes

225 370 308 421 per
341 357 500 414 flagitia
525 358 755 417 processit,
793 361 840 401 ut
872 357 971 414 ipse
997 356 1097 400 mihi
1132 356 1304 414 dixerit,
1340 373 1432 402 cum
1456 359 1721 416 consuleret,

227 438 353 483 quam
388 426 470 469 cito
490 426 738 470 sestertIum
772 425 1025 469 sexcenties
1050 425 1304 482 impleturus
1325 432 1459 482 esset,
1496 428 1720 472 invenisse

228 506 279 536 se
337 497 439 537 exta
489 493 698 551 duplicia,
746 493 900 549 quibus
948 492 1168 549 portendi,
1215 494 1371 537 millies
1417 498 1461 538 et
1496 494 1721 538 ducenties

162 560 482 604 14habiturum.
554 560 613 602 Et
647 559 834 616 habebit,
870 560 909 602 si
942 559 1084 615 modo,
1119 564 1166 602 ut
1199 561 1366 617 coepit,
1403 562 1544 605 aliena
1578 566 1720 605 testa-

227 632 384 683 menta,
421 627 533 684 quod
569 631 639 671 est
659 628 1017 685 improbissimum
1050 640 1190 685 genus
1232 629 1347 683 falsi,
1381 629 1502 685 ipsis,
1538 642 1720 686 quorum

228 699 329 739 sunt
362 696 450 752 illa,
486 694 734 740 dictaverit.
804 695 932 740 Vale.

318 870 373 906 1'3.
398 881 446 905 em
467 873 651 916 paupere]
675 872 752 906 fiir:
776 880 892 915 quum
915 872 1030 906 antea
1051 879 1198 915 pauper
1219 870 1378 914 fuissem
1403 879 1444 903 so
1470 871 1615 904 Sailust.
1641 870 1722 903 Cat.

229 930 270 961 6:
294 937 343 962 eoe
364 929 635 971 pulcherrima.

321 998 412 1029 emta
436 998 629 1039 duplicia]
663 998 724 1029 Bei
747 997 812 1028 der
835 997 1178 1038 Eingeweideschau
1204 983 1329 1037 sfiielte
1363 994 1491 1027 niichst
1526 995 1604 1027 dem
1628 994 1724 1026 Her-

229 1062 299 1086 zen
322 1055 380 1086 die
403 1055 521 1087 heber
544 1055 602 1087 die
618 1054 846 1094 Hauptr01103
870 1054 980 1086 fehlte
1004 1054 1059 1085 bei
1086 1053 1206 1085 dieser
1230 1052 1296 1085 der
1319 1052 1428 1084 obere
1450 1051 1551 1083 Theil
1576 1047 1723 1091 (caput)

230 1119 272 1143 so
296 1110 374 1151 galt
405 1119 443 1143 es
476 1109 533 1143 fiir
565 1111 630 1143 das
661 1109 944 1151 ungliicklichste
968 1110 1126 1142 zeicnen
1159 1108 1250 1147 (Cic.
1276 1108 1319 1140 de
1344 1108 1455 1140 divin.
1481 1107 1514 1148 1,
1537 1107 1595 1139 52.
1621 1107 1656 1147 2,
1680 1105 1724 1137 15

230 1175 265 1198 u.
290 1166 366 1205 16).
401 1167 513 1199 Desto
544 1165 895 1200 heilverkl‘iudender
924 1175 1006 1199 war
1030 1176 1086 1208 eS,
1118 1174 1227 1198 wenn
1258 1166 1312 1198 sie
1343 1164 1486 1206 doppelt
1519 1162 1727 1194 vorhandeu

231 1231 312 1255 war
335 1223 422 1255 oder
445 1224 525 1254 eine
550 1224 671 1255 Haube
695 1223 792 1255 hatte
818 1223 1017 1264 (Val.Max.
1041 1222 1073 1263 1,
1088 1223 1122 1263 6,
1135 1223 1168 1254 9.
1194 1223 1271 1255 Liv.
1295 1222 1355 1263 26,
1377 1221 1411 1253 6.
1435 1222 1530 1253 Suet.
1553 1221 1645 1261 Aug.
1666 1218 1725 1251 95.

231 1280 407 1312 Ammian.
430 1279 587 1312 Marcen.
611 1279 668 1321 22,
692 1277 725 1311 1.
749 1279 839 1312 plin,
865 1280 907 1312 Η.
933 1279 974 1311 N.
1000 1278 1056 1318 11,
1080 1276 1152 1319 37).
