1855 3200
237 198 308 244 48
785 206 902 245 Plinii
940 207 1192 255 epistolarum

864 361 1091 406 XXIV.

618 471 672 521 C.
711 472 901 522 Plinius
936 470 1121 521 Macro
1156 471 1263 522 Suo
1298 471 1353 520 S.

200 598 222 633 1
371 577 508 630 Quam
554 579 728 620 multum
776 578 978 634 interest,
1032 577 1129 634 quid
1177 590 1202 619 a
1250 591 1332 634 quo
1378 574 1471 620 fiat!
1553 577 1721 622 Eadem

235 646 345 689 enim
380 646 494 687 sacta
529 646 724 688 claritate
760 647 830 689 vel
870 646 1134 688 obscuritate
1161 646 1402 688 facientium
1418 651 1495 687 ‘aut
1516 647 1721 689 tolluntur

198 713 442 766 2altissime
478 719 551 754 aut
588 712 815 756 humillime
845 712 1151 769 deprimuntur.
1224 713 1492 768 Navigabam
1529 727 1608 769 per
1631 714 1722 756 La-

234 781 340 822 rium
384 784 598 835 nostrum,
644 794 738 823 cum
783 781 928 824 senior
973 780 1136 822 amicus
1183 779 1372 822 ostendit
1418 780 1516 821 mihi
1559 780 1720 837 villam,

233 852 363 903 atque
406 847 535 890 etiam
580 849 841 903 cubiculum,
889 848 999 905 quod
1046 848 1088 890 in
1135 848 1272 891 lacum
1317 849 1538 903 prominet.
1610 847 1722 904 „Ex

233 914 370 966 hoc“,
406 914 561 970 inquit,
609 915 879 973 „aliquando
916 916 1137 972 municeps
1174 921 1321 957 nostra
1357 927 1449 957 cum
1487 916 1635 958 marito
1672 929 1722 959 se

194 982 588 1038 3praecipitavit“.
674 981 888 1026 Caussam
931 984 1157 1040 requisivi.
1237 983 1418 1025 Maritus
1464 996 1519 1026 ex
1564 982 1722 1025 diutino

232 1048 379 1090 morbo
416 1049 529 1091 circa
560 1051 748 1093 velanda
770 1052 964 1108 corporis
982 1051 1201 1095 ulceribus
1221 1051 1514 1107 putrescebat.
1585 1050 1722 1103 Uxor,

233 1120 280 1158 ut
314 1116 572 1172 inspiceret,
623 1119 792 1174 exegit:
836 1132 978 1175 neque
1014 1118 1124 1161 enim
1159 1130 1410 1174 quemquam
1448 1117 1617 1161 fidelius
1651 1119 1720 1160 in—

195 1182 493 1238 4dicaturum,
537 1190 746 1240 possetne
790 1187 949 1227 sanari.
1040 1185 1181 1242 Vidit,
1229 1184 1507 1240 desperavit:
1553 1185 1722 1226 hortata

236 1253 324 1302 est,
361 1254 407 1291 ut
442 1257 704 1306 moreretur,
755 1265 986 1309 comesque
1032 1253 1125 1307 ipsa
1172 1253 1339 1305 mortis,
1386 1251 1473 1293 dux
1517 1252 1640 1294 immo
1674 1257 1722 1295 et

235 1317 476 1373 exemplum
511 1322 554 1360 et
590 1320 831 1362 necessitas
868 1320 956 1362 suit.
1026 1321 1138 1361 Nam
1173 1333 1223 1362 se
1259 1332 1353 1361 cum
1390 1319 1534 1361 marito
1572 1320 1721 1375 ligavit

195 1383 478 1443 5abjecitque
515 1384 560 1427 in
597 1386 747 1430 lacum.
829 1385 951 1440 Quod
995 1387 1150 1429 sactum
1185 1399 1241 1429 ne
1276 1385 1373 1428 mihi
1409 1386 1600 1441 quidem,
1649 1387 1720 1442 qui

235 1451 472 1507 municeps,
508 1453 588 1494 nisi
622 1454 817 1511 proxime
852 1453 1036 1497 auditum
1074 1459 1167 1512 est3
1222 1466 1302 1495 non
1341 1452 1438 1509 quia
1473 1454 1612 1496 minus
1646 1454 1720 1496 illo

235 1517 471 1561 clarissimo
508 1519 666 1564 Arriae
701 1521 838 1576 facto,
885 1521 967 1565 sed
1003 1522 1102 1578 quia
1137 1521 1271 1566 minor
1308 1524 1375 1563 est
1411 1519 1520 1575 ipsa.
1592 1521 1719 1565 Vale.

321 1719 499 1755 XXIV.
518 1720 550 1752 1.
577 1721 668 1760 quid
682 1730 705 1752 ce
722 1722 815 1761 quo]
832 1721 938 1754 Diese
951 1721 1382 1763 Verbindung.melirerer
1396 1723 1559 1754 Relative
1574 1721 1609 1753 in
1624 1721 1721 1752 dem-

232 1775 356 1806 selben
371 1777 568 1807 Satztlieile
593 1784 741 1816 vermag
767 1778 823 1808 die
849 1778 1015 1809 deutsche
1027 1777 1185 1816 Sprache
1210 1779 1307 1809 nicht
1332 1779 1611 1810 nachzualnnen.
1658 1777 1718 1812 Sie

232 1831 387 1861 entsteht
407 1838 472 1861 aus
486 1832 549 1862 der
564 1831 933 1873 Zusammenziehung
956 1834 1095 1863 zweier
1112 1831 1232 1873 Siitze,
1257 1833 1333 1864 also
1348 1834 1424 1864 hier
1447 1834 1536 1875 quid
1561 1834 1632 1864 eta
1645 1840 1719 1874 quo

230 1883 323 1926 fiat3
349 1885 436 1917 doch
463 1894 525 1925 so,
559 1887 661 1924 dame,
693 1895 801 1917 wenn
826 1888 886 1918 die
908 1887 1047 1926 Copula
1072 1887 1253 1928 wegfiillt,
1293 1888 1357 1919 das
1381 1891 1460 1920 eine
1486 1889 1631 1920 Relativ
1663 1890 1720 1921 ein

232 1941 412 1980 gewisses
436 1942 710 1982 Uebergewicht
736 1942 862 1982 erhiilt,
894 1951 935 1973 so
961 1944 1037 1974 hier
1061 1953 1084 1974 a
1110 1930 1192 1983 quo,
1218 1945 1291 1975 wie
1314 1952 1378 1975 aus
1417 1945 1494 1975 dem
1532 1945 1720 1985 folgenden

230 1996 449 2037 facientium
482 1997 620 2029 erhellt.
680 1999 874 2030 Aehnliche
906 1999 1036 2031 Stellen
1069 2000 1164 2030 sind:
1200 1999 1231 2039 1,
1255 2000 1289 2040 9,
1312 2000 1344 2029 3.
1378 1999 1453 2031 Cic.
1490 2001 1595 2032 Rosc.
1621 1999 1720 2031 Com.

234 2051 268 2090 7,
292 2050 348 2082 20.
375 2054 520 2084 Auctor.
547 2054 701 2085 Herenn.
730 2054 759 2092 1,
782 2055 815 2085 2.
852 2054 996 2092 Quintil.
1020 2055 1055 2094 7,
1079 2055 1111 2086 2.
1143 2055 1276 2086 Justin.
1301 2055 1357 2095 28,
1381 2055 1414 2094 2,
1436 2056 1469 2085 3.
1517 2056 1581 2087 Die
1605 2055 1722 2087 Unbe-

233 2105 463 2139 kanntschaft
487 2109 551 2140 der
575 2110 819 2142 Abschreiber
851 2112 912 2142 mit
946 2110 1081 2141 diesem
1105 2111 1421 2151 Sprachgebrauch
1449 2113 1506 2142 hat
1524 2109 1721 2152 jedenfalls

232 2161 289 2193 die
313 2162 442 2202 Vulg.:
468 2164 557 2204 quid
582 2174 606 2195 a
630 2174 769 2205 quoque
791 2163 865 2206 fiat
888 2167 1185 2205 hervorgeriifeu‚
1208 2167 1264 2196 die
1288 2166 1394 2197 durch
1420 2168 1501 2197 eine
1525 2163 1721 2205 conjectur-

231 2217 295 2249 des
320 2217 569 2259 Casaubonus,
595 2220 730 2251 welche
755 2222 911 2252 nachher
934 2222 998 2252 der
1021 2222 1148 2252 Medic.
1175 2220 1373 2261 bestiitigte,
1397 2219 1574 2261 gliicklich
1601 2222 1720 2251 besei-

232 2275 298 2314 tigt
322 2275 472 2305 worden
498 2275 555 2305 ist.
606 2276 681 2306 Den
699 2276 973 2317 Missverstand,
997 2277 1063 2307 den
1089 2277 1143 2306 sie
1167 2276 1415 2306 hervorrufeu
1433 2275 1581 2316 konnte,
1607 2275 1719 2307 liihlte

231 2329 333 2360 Titze
358 2330 466 2367 wohl,
490 2330 544 2361 als
568 2338 621 2370 er,
644 2330 782 2363 freilieli
806 2332 1019 2372 unpassend,
1042 2331 1224 2363 zwischen
1249 2330 1341 2371 quid
1365 2331 1432 2363 und
1458 2341 1482 2363 a
1507 2339 1648 2372 quoque
1661 2334 1717 2364 eiu
1754 2338 1756 2341 ’

234 2384 378 2417 Comma
403 2386 582 2418 einschob.

320 2453 354 2483 3.
379 2452 652 2492 indicaturum]
679 2454 790 2486 durch
807 2456 899 2486 Med.
917 2455 1020 2495 Prag.
1039 2454 1152 2486 Paris.
1171 2454 1215 2485 A.
1238 2455 1292 2486 ed.
1311 2456 1384 2486 Ber.
1401 2455 1585 2495 gesichert
1599 2462 1718 2495 gegen

233 2506 288 2536 die
314 2507 440 2547 Vulg.:
465 2507 742 2552 judicaturum,
780 2512 945 2543 verdient
976 2511 1054 2542 hier
1079 2511 1268 2551 unbedingt
1303 2510 1370 2541 den
1396 2511 1563 2550 Vorzug,
1595 2510 1639 2540 da
1661 2510 1719 2540 die

235 2558 357 2592 Gattin
389 2564 461 2594 sich
487 2565 582 2597 nicht
612 2568 647 2597 in
682 2567 747 2598 der
778 2568 952 2608 richtigen
985 2567 1234 2607 Beurtlieilung
1271 2568 1372 2598 einer
1395 2562 1597 2597 Krankheit
1630 2563 1719 2596 iiber

236 2614 303 2644 den
328 2616 416 2647 Arzt
440 2620 566 2651 stellen
591 2621 739 2659 konnte‚
764 2623 860 2654 wohl
884 2624 969 2654 aber
991 2624 1027 2653 in
1052 2622 1116 2653 der
1128 2621 1407 2660 Aufriclitigkeit
1430 2623 1526 2653 ihrer
1543 2623 1716 2661 Aussage.

236 2667 333 2698 Auch
360 2675 457 2708 passt
477 2672 628 2712 fidelius
653 2678 726 2708 viel
750 2678 876 2710 besser
899 2688 944 2710 zu
967 2678 1147 2710 indicare.

324 2745 358 2774 5.
383 2747 468 2777 mihi
491 2751 648 2782 auditum
673 2755 745 2792 est]
772 2755 879 2788 Diese
897 2755 1130 2796 Verbindung
1154 2756 1216 2787 des
1236 2755 1362 2786 Dativs
1386 2756 1448 2786 mit
1472 2754 1550 2785 dem
1561 2752 1716 2785 Verbum

235 2800 282 2830 im
299 2800 424 2832 Passiv
449 2804 494 2834 ist
519 2805 572 2835 bei
587 2805 715 2840 Cicero
739 2811 823 2843 sehr
845 2812 974 2852 senen,
999 2811 1087 2843 doch
1101 2811 1206 2842 findet
1229 2819 1270 2844 es
1292 2811 1368 2842 sich
1393 2810 1486 2850 dort,
1510 2807 1569 2840 off.
1585 2809 1620 2849 3,
1633 2808 1666 2848 9,
1678 2806 1714 2838 4.
