1855 3200
677 185 777 223 liber
806 189 979 233 quartus.
1490 184 1587 228 231

115 297 315 346 diolani“.
350 297 469 356 „Cur
491 311 572 342 non
610 295 755 343 hit-22«
825 299 884 343 Et
918 304 1040 357 pater
1078 303 1173 356 ejus
1209 300 1330 357 [erat
1366 302 1475 344 enim
1511 316 1596 345 una

113 375 241 425 atque
275 367 403 409 etiam
439 368 532 423 ipse
568 367 809 412 adduxerat
855 366 1086 424 puerumJ:
1143 367 1289 422 „Quia
1337 369 1478 411 nullos
1526 370 1594 412 hic

113 438 419 492 praeceptores
454 433 709 480 habemus&
780 435 960 492 „Quare
994 430 1173 478 nullos?
1207 437 1318 478 Nam
1355 436 1592 480 veliemen-

112 508 179 546 ter
210 503 419 545 intererat
452 507 618 557 vestra,
655 503 724 559 qui
748 508 899 559 vpatres
934 502 1078 546 estis“
1114 499 1191 562 [et
1213 509 1453 561 opportune
1474 517 1594 546 com-

110 570 257 628 plures
293 573 441 626 patres
474 569 732 626 audiebant)
777 571 969 628 „liberos
1013 575 1190 615 vestros
1226 571 1295 613 hic
1329 571 1592 628 potissimum

111 637 295 680 discere.
374 637 459 681 Ubi
505 638 613 680 enim
660 640 735 679 aut
773 637 1010 693 Jucund'ius
1044 643 1339 693 morarentur,
1386 651 1510 696 quam
1548 640 1592 680 in

111 704 261 762 patria,
298 708 371 746 aut
406 704 604 760 pudicius
627 705 962 757 continerentur,
998 718 1122 761 quam
1160 705 1239 747 sub
1276 707 1411 748 oculis
1431 719 1593 763 paren·-

110 765 228 816 tum?
263 776 337 814 aut
372 773 532 815 minore
552 777 711 831 sumtu,
748 786 872 830 quam
903 767 1049 815 domi?
1085 771 1343 826 Quantulum
1381 779 1466 827 est,
1501 775 1593 816 col-

111 841 199 882 lata
234 839 441 897 pecunia,
486 839 728 883 conducere
761 835 1104 898 praeceptores?
1148 839 1349 897 quodque
1393 853 1505 884 nunc
1551 841 1592 882 in

112 907 420 965 habitationes,
465 907 508 949 in
554 907 738 965 viatica,
794 908 835 949 in
883 920 960 964 ea,
1007 920 1119 964 quae
1164 921 1350 964 peregre
1398 914 1594 953 emuntur

111 974 276 1032 [omnia
311 978 452 1016 autem
487 987 675 1030 peregre
711 973 933 1030 emuntur)
972 974 1224 1032 impenditis.
1263 975 1453 1030 adjicere
1479 988 1593 1018 mer-

111 1035 353 1084 cedibus2=
399 1043 543 1098 Atque
588 1041 697 1084 adeo
742 1056 846 1099 ego,
894 1043 964 1098 qui
1006 1042 1190 1085 nondum
1234 1043 1393 1085 liberos
1441 1042 1591 1096 liabeo,

108 1112 285 1166 paratus
320 1122 411 1150 sum
437 1120 513 1164 pro
551 1110 770 1164 republica
805 1113 968 1162 nostra,
1004 1110 1131 1165 quasi
1167 1122 1244 1163 pro
1279 1109 1366 1151 filia
1403 1111 1473 1154 vel
1511 1121 1594 1166 pa·

110 1171 247 1230 rente,
284 1176 450 1218 tertiam
489 1179 652 1229 partem
688 1178 807 1231 ejus,
844 1175 958 1232 quod
996 1177 1193 1219 conferre
1228 1175 1355 1219 vobis
1390 1177 1595 1233 placebit,

108 1243 227 1285 dare.
299 1243 452 1285 Totum
489 1243 613 1286 etiam
633 1243 877 1299 pollicerer,
912 1243 999 1284 nisi
1016 1243 1225 1297 timerem,
1261 1256 1318 1286 ne
1339 1243 1421 1286 hoc
1440 1257 1593 1286 munus

106 1320 246 1353 meum
281 1309 534 1367 quandoque
565 1310 723 1352 ambitu
748 1314 1108 1366 corrumperetur,
1144 1314 1189 1352 ut
1225 1310 1426 1354 accidere
1448 1311 1592 1353 multis

107 1379 147 1421 in
181 1377 289 1421 locis
324 1377 467 1432 video,
503 1380 545 1421 in
573 1379 725 1435 quibus
744 1383 1054 1435 praeceptores
1088 1378 1258 1434 publice
1282 1378 1592 1422 conducuntur.

108 1445 221 1491 Huic
253 1447 362 1488 vitio
398 1458 480 1488 uno
517 1445 704 1489 remedio
740 1447 905 1489 occurri
943 1451 1099 1501 potest,
1137 1446 1175 1489 si
1196 1446 1449 1502 parentibus
1485 1446 1592 1489 solis

100 1515 178 1568 jus
213 1512 478 1555 conducendi
520 1513 807 1568 relinquatur,
850 1513 1089 1570 iisdemque
1134 1514 1284 1569 religio
1321 1518 1440 1557 recte
1468 1513 1591 1569 judi-

108 1579 234 1623 candi
268 1580 534 1624 necessitate
568 1580 806 1623 collationis
851 1579 1048 1624 addatur.
1128 1583 1239 1623 Nam
1285 1581 1359 1637 qni
1404 1581 1592 1624 fortasse

108 1761 224 1792 daven
249 1770 294 1792 zu
318 1761 486 1792 scheiden
509 1761 558 1791 ist
581 1761 645 1792 der
668 1759 864 1802 Gebrauch,
888 1768 949 1791 wo
975 1760 1090 1791 etiam
1114 1762 1159 1791 im
1174 1761 1281 1791 simne
1304 1761 1366 1792 des
1386 1760 1589 1801 anebens‚

107 1816 339 1848 Emi-{tumens
365 1817 452 1847 auch
479 1817 559 1848 mit:
589 1815 643 1847 Ja
667 1814 852 1848 iibersetzt
876 1817 1025 1848 werden
1057 1816 1152 1848 kann
1185 1817 1251 1847 und
1275 1816 1502 1857 gewiilinlicli
1526 1814 1590 1847 sed

106 1873 193 1905 nach
218 1873 293 1904 sicli
319 1873 391 1910 liat,
415 1872 487 1903 wie
508 1872 542 1912 2,
566 1872 600 1912 3,
625 1873 658 1903 9.
683 1874 716 1913 6,
738 1873 772 1911 2,
795 1874 829 1903 S.
854 1873 886 1912 6,
909 1873 967 1912 28,
991 1874 1026 1903 3.

196 1940 228 1971 4.
253 1939 455 1974 intererat]
481 1947 511 1969 S.
537 1947 583 1969 zu
607 1939 640 1978 3,
663 1941 698 1978 5,
721 1939 777 1970 16.
826 1940 921 1972 Auch
946 1940 1023 1970 hier
1053 1938 1141 1981 liegt
1164 1940 1200 1971 in
1225 1939 1304 1971 dem
1329 1939 1503 1972 Indicativ
1525 1939 1591 1971 der

107 1995 397 2035 Vei-gangenheit
421 1996 503 2024 eine
516 1995 583 2025 Art
598 1993 789 2031 Urbanum,
814 1994 899 2025 dass
921 2003 963 2026 er
986 1998 1085 2036 sagt:
1111 2003 1177 2036 „es
1201 1995 1260 2037 lag
1284 1997 1372 2028 euch
1398 1996 1590 2036 unstreitig

109 2050 179 2081 viel
205 2048 348 2089 daran⁴‘,
373 2051 473 2080 stult:
506 2055 569 2087 „es
594 2047 689 2079 biitte
714 2050 803 2079 euch
829 2050 924 2081 nicht
947 2048 1179 2090 gleiehgiiltig
1201 2053 1277 2082 sein
1300 2050 1451 2082 sollen⁴‘.

197 2117 258 2157 qui
280 2117 409 2157 patres
433 2115 538 2151 estis]
573 2114 683 2146 Diese
716 2115 868 2146 relative
889 2116 1170 2157 Umschreibung
1200 2116 1371 2148 schemen
1402 2120 1458 2148 die
1481 2118 1589 2149 Alten

102 2168 164 2203 ‘fiir
188 2171 253 2203 den
278 2172 401 2203 besten
426 2172 583 2210 Ausweg
606 2170 770 2211 gehalten
795 2178 840 2202 zu
865 2172 993 2208 haben,
1018 2180 1071 2202 um
1098 2173 1193 2203 nicht
1215 2172 1273 2203 die
1297 2172 1506 2211 Apposition
1533 2173 1590 2202 bel

108 2227 622 2265 Promoninalbezeichnungen
655 2235 698 2257 zu
729 2227 882 2258 interest
906 2228 973 2258 und
999 2226 1120 2268 refert
1140 2229 1184 2258 im
1212 2228 1357 2259 Genitz’av
1393 2230 1518 2258 setzen
1544 2234 1590 2256 zu

107 2281 262 2323 missen,
287 2284 365 2315 also
389 2285 491 2315 statt:
515 2284 681 2324 patrum,
709 2284 820 2323 vergi.
845 2284 929 2315 Ter.
955 2284 1019 2315 Ad.
1044 2285 1077 2323 5,
1101 2283 1137 2323 4,
1160 2283 1217 2313 27:

194 2352 227 2382 5.
255 2349 504 2388 Quantulum]
531 2348 605 2381 fiir:
630 2358 743 2390 quam
765 2358 947 2393 parvum,
973 2351 1179 2391 minimum,
1206 2351 1290 2382 Tac.
1309 2351 1400 2381 Ann.
1420 2350 1453 2389 3,
1478 2347 1534 2388 54,
1553 2348 1585 2378 6.

105 2405 225 2438 Germ.
250 2406 306 2447 28,
329 2406 363 2436 2.
386 2405 513 2436 Juven.
538 2408 569 2446 6,
596 2405 671 2437 150.
703 2424 737 2429 -
765 2413 852 2446 erqo
885 2408 972 2438 nach
997 2408 1051 2438 est
1075 2409 1161 2437 fehlt
1185 2395 1230 2438 im*
1256 2407 1350 2436 Med.
1378 2405 1443 2435 und
1469 2404 1586 2443 Prag.‚

104 2463 192 2494 auch
215 2460 365 2493 Semifer
396 2461 532 2493 erklart
564 2470 603 2493 es
637 2460 694 2494 fiir
730 2460 988 2502 iiberfliissigen
1014 2463 1168 2501 Zusatz,
1201 2462 1292 2492 doch
1316 2462 1411 2492 stelit
1435 2468 1474 2491 es
1497 2466 1587 2500 geru

106 2517 161 2548 bei
184 2517 340 2557 Fragen,
364 2517 422 2548 die
445 2519 526 2548 eine
551 2518 755 2559 Folgerung
778 2527 841 2549 aus
865 2518 943 2549 dem
969 2517 1299 2556 Vorhergehenden
1324 2515 1516 2548 entlialten.

193 2585 225 2613 (3.
251 2583 489 2624 quandoque]
515 2593 544 2614 s.
568 2593 613 2615 zu
637 2585 671 2624 2,
697 2584 750 2623 10,
774 2586 806 2614 3.

192 2650 352 2691 publice]
379 2651 482 2681 natte
505 2650 560 2681 die
584 2651 744 2682 Behiirde.
768 2651 831 2682 das
855 2652 969 2683 Recht
1002 2651 1066 2683 der
1089 2651 1214 2692 Walil‚
1250 2660 1291 2683 so
1315 2651 1475 2683 konnten
1498 2651 1586 2681 eber

103 2704 343 2738 Riicksicliteu
375 2713 586 2745 genommen
620 2707 767 2738 werden
799 2709 888 2739 oder
912 2705 1215 2749 Begiinstigungen
1249 2709 1424 2740 eintreten
1456 2705 1586 2742 (daher

105 2762 282 2799 (arabitas)
309 2761 364 2792 die
390 2762 454 2793 der
478 2763 715 2803 eigentlicheu
734 2764 969 2803 Bestimmung
994 2763 1279 2797 zuwiderliefen.
1305 2763 1360 2794 als
1383 2769 1492 2793 wenn
1518 2761 1583 2791 den

105 2817 242 2850 witern·
269 2818 381 2850 selhst
413 2825 543 2859 wegen
575 2819 671 2850 ihres
697 2819 858 2859 Beitrags
884 2819 1026 2851 Antheil
1056 2826 1101 2850 an
1134 2818 1200 2851 der
1235 2820 1450 2857 Ernennung
1481 2815 1585 2848 blieb-

105 2872 162 2904 die
185 2873 275 2905 daun
308 2875 342 2905 i’n
369 2874 481 2906 ihi-em
515 2874 642 2915 eignen
667 2874 845 2907 Interesse
869 2873 933 2906 anf
951 2875 1019 2907 (len
1042 2872 1278 2917 Wiirdigsten
1303 2874 1413 2906 fallen
1438 2872 1583 2903 musste.

1635 1254 1659 1287 6
