1855 3200
221 195 322 240 132
768 200 886 238 Plinii
916 200 1170 248 epistolarum

216 316 299 360 hoc
340 313 509 359 ballnea
549 315 767 359 meritoria
810 315 919 373 tria3
965 326 1122 371 magna
1169 314 1463 375 commoditas,
1511 316 1553 359 si
1597 314 1710 360 forte

219 384 432 427 balineum
476 382 586 426 domi
630 384 704 426 vel
751 383 919 425 subitus
964 382 1180 426 adventus
1188 414 1204 439 2
1250 384 1326 426 vel
1372 384 1546 428 brevior
1589 396 1711 427 mora

155 459 207 495 27
221 450 463 495 calefacere
498 449 765 494 dissuadeat.
846 450 973 492 Litus
1009 453 1162 493 ornant
1203 450 1424 494 varietate
1461 451 1711 507 gratissima

220 531 336 562 nunc
371 518 583 569 continua,
619 529 730 559 nunc
762 517 1010 560 intermissa
1044 522 1159 561 tecta
1179 517 1392 575 villarum,
1431 531 1543 575 quae
1577 531 1711 575 prae-

220 590 338 629 stant
371 585 597 626 multarum
630 584 795 627 urbium
829 585 995 641 faciem,
1032 586 1128 629 sive
1163 586 1285 643 mari,
1321 586 1420 629 sive
1453 587 1549 642 ipso
1584 586 1713 629 litore

221 657 359 705 utare,
395 650 509 708 quod
532 664 834 709 nonnunquam
868 653 999 709 longa
1021 653 1310 709 tranquillitas
1339 654 1496 712 mollit3
1533 653 1712 710 saepius

157 726 209 762 28
223 720 427 776 frequens
463 723 508 762 et
552 721 791 762 contrarius
837 722 991 764 fluctus
1036 720 1221 762 indurat.
1300 720 1426 763 Mare
1471 733 1556 763 non
1603 731 1712 763 sane

222 786 424 843 pretiosis
456 786 651 843 piscibus
685 787 897 830 abundat:
933 789 1079 832 soleas
1099 792 1240 831 tamen
1264 792 1308 830 et
1328 788 1509 844 squillas
1529 788 1717 843 optimas

223 854 434 910 suggerit.
517 854 634 897 Villa
680 868 787 899 vero
823 860 972 898 nostra
1016 855 1144 898 etiam
1184 854 1528 898 mediterraneas
1563 854 1716 911 copias

224 925 444 979 praestat,
508 922 577 965 lac
624 923 665 964 in
717 922 881 979 primis.
962 924 1074 965 Nam
1118 923 1221 965 illuc
1265 936 1290 965 e
1332 923 1508 979 pascuis
1553 932 1715 979 pecora

157 999 210 1035 29
226 989 501 1046 conveniunt,
539 989 576 1031 si
613 989 782 1046 quando
819 1003 972 1046 aquam
1008 991 1285 1047 umbramque
1321 993 1555 1033 sectantur.
1625 989 1717 1032 Ju-

223 1057 360 1099 stisne
405 1055 461 1098 de
505 1058 701 1100 caussis,
735 1071 830 1101 eum
876 1059 948 1100 tibi
991 1057 1147 1101 videor
1190 1058 1404 1115 incolere,
1457 1057 1716 1114 inhabitare,

224 1123 404 1179 diligere
439 1119 699 1167 secessum?
742 1139 868 1181 quem
902 1130 963 1180 tu,
1003 1127 1125 1168 nimis
1160 1126 1350 1168 urbanus
1387 1138 1453 1182 eS‚
1490 1125 1573 1167 nisi
1609 1135 1717 1166 con-

223 1191 426 1246 cupiscis.
499 1192 644 1247 Atque
679 1194 836 1235 utinam
857 1189 1166 1249 concupiscas!
1205 1197 1249 1235 ut
1284 1197 1348 1235 tot
1382 1193 1599 1249 tantisque
1634 1190 1717 1233 do-

224 1257 338 1299 tibus
373 1257 552 1301 villulae
590 1263 767 1302 nostrae
801 1261 984 1303 maxima
1020 1260 1327 1304 commendatio
1364 1273 1420 1303 ex
1455 1263 1528 1302 tuo
1564 1262 1717 1301 contu-

225 1324 373 1367 bernio
410 1324 605 1369 accedat.
676 1327 801 1370 Vale.

856 1458 1092 1505 XVIII.

577 1567 631 1617 C.
670 1569 862 1617 Plinius
898 1568 1135 1618 Ellam-ico
1170 1568 1279 1618 Suo
1314 1567 1370 1617 S.

187 1676 208 1710 1
362 1671 475 1725 Quid
512 1685 538 1715 a
574 1678 619 1716 te
659 1675 894 1729 jucundius
941 1675 1043 1717 mihi
1088 1675 1227 1732 potuit
1276 1675 1465 1733 injungi,
1514 1687 1639 1732 quam
1674 1679 1720 1717 ut

225 1745 553 1797 praeceptorem
588 1741 732 1784 fratris
770 1743 828 1784 tui
853 1743 998 1786 liberis
1035 1737 1324 1799 quaererem?
1374 1745 1486 1786 Nam
1510 1742 1720 1786 beneficio

226 1813 306 1850 tuo>
335 1808 377 1849 in
425 1808 617 1851 scholam
663 1808 818 1852 redeo:
866 1810 983 1851 illam
1028 1810 1313 1851 dulcissimam
1360 1813 1547 1852 aetatem
1593 1809 1720 1866 quasi

225 1887 413 1918 resumo.
485 1874 634 1918 Sedeo
670 1876 782 1919 inter
811 1878 1026 1931 Juvenes,
1071 1881 1116 1918 ut
1151 1877 1367 1931 solebam,
1414 1881 1547 1934 atque
1592 1877 1719 1920 etiam

315 2052 464 2091 copiae]
492 2049 732 2093 Bediirfnisse‚
758 2052 1015 2085 Lebensmittel
1039 2053 1071 2094 6,
1090 2053 1148 2093 28,
1174 2052 1203 2086 1.
1229 2053 1341 2085 Tacit.
1366 2053 1458 2085 Anu.
1480 2051 1512 2094 1,
1526 2052 1583 2084 68.
1607 2051 1643 2092 2,
1661 2050 1718 2083 60.

229 2107 315 2138 nist.
341 2107 374 2143 2,
400 2107 457 2138 32.
481 2108 514 2147 3,
542 2108 594 2138 15.
619 2109 749 2139 Justin.
774 2109 829 2147 33,
856 2108 911 2139 10.

320 2173 376 2204 27.
402 2174 601 2211 continua]
628 2176 721 2205 nicht
746 2177 927 2216 perpetua
952 2175 1088 2207 kounte
1113 2177 1191 2207 hier
1215 2177 1354 2215 slehen,
1379 2175 1472 2206 denn
1496 2174 1718 2206 continuum

228 2231 336 2259 nennt
370 2236 450 2260 man
487 2229 569 2269 das,
605 2232 734 2262 dessen
759 2232 881 2262 Theile
916 2235 1021 2262 unter
1052 2232 1224 2262 einander
1255 2231 1597 2272 zusammenbiingen
1631 2230 1722 2261 oder

230 2284 434 2316 verbunden
457 2284 550 2324 sind,
571 2286 792 2326 perpetuum
819 2287 891 2326 επις,
915 2294 1043 2318 woran
1061 2295 1128 2328 gar
1150 2287 1236 2319 kein
1254 2288 1488 2319 Unterschied
1513 2287 1576 2319 der
1595 2285 1719 2318 Theile

230 2339 446 2371 bemerklich
471 2341 528 2371 ist.

318 2407 373 2438 29.
399 2406 586 2445 Justisne]
622 2406 679 2439 fiir
709 2416 829 2440 norme
845 2406 974 2449 justis,
1010 2418 1050 2441 so
1075 2410 1107 2449 3,
1136 2410 1191 2449 16,
1216 2409 1270 2441 13.
1308 2410 1392 2441 Ter.
1418 2410 1548 2442 Heaut.
1572 2410 1605 2447 3,
1629 2409 1664 2448 3,
1685 2407 1720 2439 2.

230 2460 304 2492 Cic.
331 2462 436 2494 Rosc.
462 2463 539 2494 Am.
566 2463 622 2494 39.

318 2527 497 2564 incolere]
533 2530 674 2562 bezieht
704 2531 779 2562 sich
812 2532 878 2562 auf
906 2531 963 2563 die
994 2532 1133 2573 Pssege‚
1172 2532 1227 2562 die
1264 2539 1304 2563 er
1335 2532 1467 2563 darauf
1495 2530 1720 2570 vern-emet,

230 2580 443 2613 inhabitare
475 2585 537 2615 auf
566 2587 631 2616 deu
665 2587 870 2619 Ausenthalt
900 2587 1074 2626 daselbst3
1117 2587 1257 2619 iihnlicli
1289 2588 1351 2619 Sil.
1386 2587 1440 2627 14,
1469 2586 1552 2618 672:
1583 2585 1721 2627 templa

229 2638 390 2668 incolere
416 2640 524 2678 atilae
549 2642 731 2673 habitare.

321 2703 510 2738 xvssl.
537 2706 729 2746 Maurico]
757 2719 785 2740 s.
811 2719 855 2741 zu
883 2710 915 2752 1,
938 2712 970 2750 5,
996 2710 1051 2743 10.

322 2769 355 2800 1.
380 2771 674 2812 praeceptorem]
702 2777 795 2806 nicht
820 2780 926 2807 einen
950 2778 1087 2809 Lehrer
1112 2777 1191 2809 fiirs
1216 2778 1310 2807 Hans
1334 2776 1441 2807 sollte
1459 2775 1545 2806 Plin.
1571 2776 1721 2815 eucheri,

232 2826 388 2858 eundern
414 2828 516 2858 einen
542 2828 676 2859 Lehrer
702 2829 766 2860 der
785 2831 1062 2871 Bel-edeamkem
1088 2834 1216 2864 dessen
1238 2831 1418 2871 vortriige
1441 2831 1498 2862 die
1522 2833 1632 2864 sehon
1659 2841 1720 2865 er·-

233 2883 450 2914 waclisenen
475 2882 591 2914 solane
615 2885 677 2915 des
705 2886 878 2916 Arulenus
904 2888 1075 2917 Rusticus
1101 2887 1274 2918 besucheu
1300 2884 1440 2916 sollten.
