1855 3200
737 209 835 247 liber
865 218 1002 247 nonus.
1498 208 1603 254 273

738 363 983 410 XXXV.

509 485 562 536 C.
602 486 791 537 Plinius
827 489 987 554 Appio
1023 486 1130 538 Suo
1165 487 1220 536 S.

248 604 446 659 Librum,
493 618 616 662 quem
661 606 836 661 misisti,
884 606 1028 662 recepi
1064 611 1107 649 et
1142 605 1306 661 gratias
1350 617 1458 662 ago:
1505 619 1601 649 sum

114 677 255 716 tamen
302 673 382 717 hoe
427 678 622 731 tempore
668 675 1038 731 occupatissimus,
1120 672 1224 716 Ideo
1272 673 1457 717 nondum
1503 687 1601 719 eum

114 741 225 798 legi,
273 754 366 783 cum
402 743 557 799 alioqui
594 742 863 785 validissime
899 743 1090 798 cupiam:
1139 741 1215 784 sed
1254 753 1349 784 eam
1386 755 1600 785 reveren-

113 809 214 851 tiam
247 822 342 852 cum
377 810 513 853 literis
550 811 673 867 ipsis,
710 813 796 852 tum
832 810 1005 865 scriptis
1046 810 1128 852 tuis
1165 807 1318 867 debeo,
1356 813 1401 852 ut
1428 823 1601 854 sumere

112 877 210 932 illa,
255 877 338 919 nisi
372 890 512 922 vacuo
549 879 712 933 animo,
756 878 1046 933 irreligiosum
1082 881 1238 933 putem.
1316 877 1600 934 Diligentiam

113 949 227 988 tuam
269 945 309 987 in
356 945 644 990 retractandis
690 946 890 1002 operibus
936 945 1068 989 valde
1103 945 1249 1002 probo.
1328 944 1413 988 Est
1458 949 1598 990 tamen

111 1013 267 1071 aliquis
302 1014 478 1068 modus,
522 1014 720 1071 primum,
767 1012 877 1069 quod
925 1013 1053 1055 nimia
1099 1026 1203 1056 cura
1245 1012 1402 1057 deterit
1445 1015 1598 1070 magis,

111 1094 236 1138 quam
273 1081 491 1125 emendat:
529 1081 698 1139 deinde,
737 1081 846 1137 quod
885 1094 964 1123 nos
999 1094 1025 1123 a
1061 1081 1372 1125 recentioribus
1403 1085 1598 1137 revocat,

112 1149 325 1206 simulque
361 1163 441 1193 nee
477 1150 664 1193 absolvit
700 1149 868 1208 priora,
916 1154 959 1193 et
994 1149 1200 1193 inchoare
1235 1149 1480 1207 posteriora
1513 1163 1597 1194 non

110 1218 285 1273 patitur.
355 1217 481 1261 Vale.

715 1382 999 1428 XXXVI«,

492 1503 546 1552 C.
584 1505 775 1553 Plinius
810 1505 979 1554 Fusco
1015 1504 1122 1554 Suo
1158 1504 1214 1553 S.

246 1619 450 1673 Quaeris,
487 1621 839 1677 quemadmodum
876 1622 916 1664 in
954 1622 1113 1664 Tuscis
1150 1620 1261 1665 diem
1297 1625 1467 1665 aestate
1502 1621 1597 1664 dis-

110 1701 277 1746 ponam.
349 1687 539 1744 Evigilo,
576 1703 670 1732 cum
706 1690 849 1744 libuit,
887 1690 1141 1746 plerumque
1174 1690 1287 1732 eirca
1322 1688 1468 1732 horam
1502 1690 1595 1747 pri-

109 1769 231 1811 mam,
269 1769 406 1813 saepe
441 1760 556 1811 ante,
595 1757 761 1800 tardius
795 1770 917 1800 raro:
954 1758 1131 1801 clausae
1165 1757 1386 1802 fenestrae
1406 1761 1594 1802 manent.

195 1955 386 1991 XXXV.
412 1956 443 1988 1.
468 1956 618 1993 librum]
653 1956 776 1998 Gierig
800 1958 1001 1989 ver-mutnet
1024 1957 1121 1990 wohl
1152 1957 1213 1990 mit
1236 1957 1368 1997 Recht‚
1399 1956 1482 1990 dass
1517 1957 1596 1990 hier

108 2014 189 2045 eine
213 2013 312 2045 Rede
335 2012 490 2053 gemeint
514 2013 566 2043 sei
582 2034 591 2051 ‚
617 2012 708 2043 denn
733 2013 850 2045 davon
876 2014 1025 2046 wurden
1049 2013 1181 2045 damals
1207 2021 1297 2054 geru
1321 2012 1413 2045 liber
1436 2013 1505 2044 und
1530 2020 1596 2045 re-

108 2069 283 2102 tractare
307 2068 501 2108 gebraucht
526 2067 557 2108 1,
582 2067 615 2108 2,
641 2067 672 2099 1.
697 2069 731 2109 3,
760 2070 814 2110 13,
839 2069 870 2100 1.
894 2071 927 2110 3,
953 2069 1007 2110 18,
1031 2069 1066 2101 4.
1124 2069 1219 2101 Doch
1245 2068 1340 2100 kann
1365 2069 1428 2101 der
1452 2069 1595 2101 Beweis

108 2126 205 2157 nicht
229 2123 288 2156 fiir
311 2124 607 2165 uuwiderleglich
632 2124 771 2167 gelten,
796 2126 838 2157 da
864 2127 962 2158 beide
985 2123 1201 2158 Ausdriicke
1226 2125 1316 2157 auch
1341 2132 1413 2156 von
1438 2124 1593 2157 Gedich-

109 2185 168 2213 teu
195 2181 441 2220 vorkommen,
465 2181 538 2212 wie
561 2181 595 2219 8,
618 2180 677 2221 21,
702 2182 736 2212 6.

198 2259 270 2292 nisi
293 2266 415 2291 vacuo
440 2259 590 2296 animo]
616 2259 748 2291 ebenso
774 2260 924 2292 Phaedr-
953 2260 1042 2292 sabb.
1069 2260 1124 2292 ΙΙΙ.
1150 2259 1259 2301 proh:

380 2326 532 2359 Phaedri
556 2327 693 2359 libellos
718 2328 843 2369 legere
869 2329 898 2359 si
923 2328 1126 2369 desideras,

377 2382 512 2424 VaceS,
536 2388 699 2424 oportet,
723 2384 898 2425 Eutyche,
921 2392 941 2415 a
966 2385 1144 2425 negotiis,

378 2437 422 2469 Ut·
445 2438 533 2470 liber
557 2441 692 2471 animus
717 2442 851 2472 sentiat
875 2441 946 2471 vim
972 2440 1152 2472 carminis.

197 2521 419 2559 XXXVI.
443 2524 588 2565 Fusco]
613 2536 641 2559 s.
670 2537 713 2560 zu
736 2529 770 2570 ⁹7,
795 2530 828 2560 9.

200 2604 231 2635 1.
260 2603 480 2645 disponere]
507 2614 535 2637 s.
562 2615 604 2637 zu
629 2605 661 2647 4,
684 2606 741 2647 23,
765 2605 797 2637 1.
831 2614 872 2637 so
904 2606 998 2638 steht
1023 2605 1222 2646 disponere
1258 2604 1356 2637 diem
1390 2605 1488 2638 Suet.
1512 2606 1591 2639 Tib.

110 2659 165 2691 11.
204 2660 314 2692 Tacit.
346 2661 464 2692 Germ.
496 2660 552 2692 30.
586 2661 684 2693 Pers
716 2663 787 2693 Sat.
819 2663 855 2702 5,
887 2660 942 2692 43.
989 2663 1077 2694 auch
1121 2661 1296 2695 ordinare
1327 2663 1419 2695 diem
1464 2664 1590 2696 Senec.

110 2717 212 2757 epist.
243 2715 295 2747 12.

200 2793 326 2831 circa]
360 2793 484 2825 wurde
519 2797 592 2826 erst
625 2794 660 2825 in
693 2795 758 2826 der
789 2794 1100 2828 nacholassischen
1133 2796 1285 2830 Perinde
1320 2807 1390 2831 von
1421 2796 1485 2830 der
1514 2797 1592 2831 zeit

109 2849 315 2892 gebraucht,
339 2856 379 2880 es
403 2851 496 2881 steht
519 2850 595 2881 also
620 2848 696 2882 fiir:
727 2851 874 2884 circiter
897 2852 961 2883 mit
983 2851 1062 2886 dem
1087 2853 1242 2886 Ablativ.

202 2915 366 2953 tardius]
391 2924 420 2948 s.
447 2925 493 2949 zu
515 2916 549 2958 3,
572 2918 606 2959 5,
629 2916 663 2948 8.

159 2972 201 3004 u.
1180 2977 1234 3014 18
