1855 3200
647 194 749 232 liber
776 192 945 242 quintus.
1455 186 1558 231 315

74 311 262 360 SCtum:
298 312 380 356 hoc
399 324 561 366 omneS,
598 309 807 368 quidquid
829 309 988 366 negotii
1012 308 1234 363 haberent,
1260 308 1410 362 jurare
1447 307 1564 363 prius

73 396 197 441 quam
232 384 437 437 agerent,
468 380 754 435 jubebantur,
789 378 889 421 nihil
928 390 979 421 se
1015 377 1067 419 ob
1105 375 1433 419 advocationem
1469 375 1561 417 cui·

74 463 198 507 quam
234 448 427 505 dedisse,
464 449 733 504 promisisse,
770 447 960 490 cavisse.
1040 445 1122 487 llis
1158 444 1269 487 enim
1304 443 1476 497 verbis,
1511 455 1564 486 ac

72 519 186 561 mille
221 521 465 575 praeterea,
501 520 543 558 et
579 515 757 559 vaenire
783 513 1094 557 advocationes
1119 517 1162 555 et
1188 512 1268 555 emi
1290 511 1563 555 vetabantur.

74 585 271 629 Peractis
318 590 458 627 tamen
507 583 692 639 negotiis
739 583 1062 639 permittebatur
1098 581 1320 637 pecuniam
1356 579 1565 622 duntaxat

74 653 222 698 decem
257 653 433 694 millium
470 651 588 694 dare.
659 651 757 693 Hoc
793 650 906 692 sacto
942 650 1127 705 Nepotis
1164 652 1398 691 commotus
1433 660 1564 705 prae-

77 726 156 774 tor,
193 722 266 778 qui
293 720 675 764 centumviralibus
708 717 945 775 praesidet,
972 716 1304 772 deliberaturus,
1326 729 1379 757 an
1402 728 1564 772 seque-

77 795 194 832 retur
240 789 479 844 exemplum
520 788 801 843 inopinatum,
845 786 966 828 nobis
1010 786 1136 828 otium
1183 783 1312 828 dedit.
1390 783 1565 826 Interim

74 861 162 898 tota
206 857 380 899 civitate
415 856 601 911 Nepotis
647 853 832 898 edictum
868 854 1081 910 carpitur,
1132 852 1346 895 landatur.
1416 852 1564 893 Multi:

76 924 363 979 „invenimus,
402 923 474 979 qui
497 935 629 965 curva
656 923 908 978 corrigeret.
983 914 1129 973 Quid?
1167 924 1267 963 ante
1304 920 1566 975 liuncprae-

75 997 194 1034 tores
230 1004 313 1033 non
351 984 557 1033 suerunt?
594 991 692 1047 quis
729 994 869 1033 autem
907 989 975 1032 hic
1012 993 1105 1041 est,
1141 990 1211 1045 qui
1249 987 1448 1031 emendet
1486 1001 1566 1043 pu-

74 1059 211 1101 blicos
231 1053 452 1102 mores‘?“
491 1059 576 1099 Alii
599 1062 770 1100 contra:
796 1057 1068 1112 „rectissime
1086 1056 1187 1099 fecit
1212 1056 1392 1098 initurus
1428 1056 1568 1111 inagi-

75 1130 282 1169 stratum:
314 1128 415 1182 jura
437 1126 714 1181 recognovit:
753 1122 875 1168 scta
912 1125 1041 1180 legit:
1079 1124 1270 1180 reprimit
1292 1122 1567 1166 foedissimas

75 1194 321 1250 pactiones:
372 1207 460 1237 rem
498 1192 824 1249 pulcherrimam
861 1192 1108 1248 turpissime
1144 1191 1328 1234 vaenire
1364 1204 1447 1233 non
1487 1202 1566 1246 pa-

75 1262 188 1311 titur,
269 1262 403 1306 Tales
438 1257 596 1318 ubique
631 1273 878 1303 sermones:
927 1261 995 1316 qui
1044 1264 1186 1303 tamen
1228 1258 1480 1301 alterutram
1522 1257 1567 1300 in

73 1334 240 1386 partem
287 1343 340 1373 ex
390 1334 550 1373 eventu
597 1328 927 1385 praevalebunt.
1017 1326 1102 1369 Est
1141 1326 1325 1369 'omnino
1369 1327 1567 1383 iniquum,

75 1397 152 1439 sed
189 1411 271 1439 usu
307 1402 542 1454 receptum,
581 1395 693 1453 quod
731 1395 911 1439 honesta
949 1396 1129 1437 consilia
1157 1396 1229 1439 vel
1252 1395 1405 1452 turpia,
1442 1398 1569 1452 prout

74 1464 184 1506 male
220 1469 294 1506 aut
329 1478 541 1521 prospere
577 1464 762 1520 cedunt,
809 1465 870 1506 ita
921 1464 993 1507 vel
1030 1463 1266 1519 probantur
1302 1464 1373 1507 vel
1412 1476 1569 1520 repre-

75 1531 334 1574 henduntur.
404 1530 514 1574 Inde
549 1532 800 1587 plerumque
837 1530 987 1574 eadem
1026 1532 1138 1573 sacta
1163 1529 1286 1573 modo
1307 1531 1569 1586 diligentiae,

73 1598 196 1641 modo
235 1600 464 1655 vanitatis,
499 1598 625 1641 modo
663 1599 899 1650 libertatis,
947 1597 1073 1640 modo
1111 1598 1268 1640 furoris
1304 1611 1456 1641 nomen
1492 1610 1570 1640 ac-

74 1667 246 1724 cipiunt.
319 1667 444 1709 Vale.

75 1823 237 1863 chungen
264 1822 321 1854 die
345 1822 490 1864 grtisste
514 1823 667 1863 Strenge
691 1820 943 1862 verkiindete‚
978 1831 1018 1853 so
1042 1823 1105 1853 sah
1130 1823 1208 1854 sicli
1234 1822 1298 1854 der
1323 1822 1471 1864 Priitor,
1506 1823 1572 1854 der

75 1878 141 1910 den
168 1878 398 1911 Ceutumvirn
424 1887 587 1919 vorsass,
612 1880 839 1918 veranIasst,
865 1880 908 1911 da
934 1878 1231 1910 walirscheinlich
1266 1879 1324 1910 ein
1356 1880 1461 1912 dabin
1494 1882 1571 1923 eiu-

76 1934 312 1975 sehlageuder
336 1935 532 1966 Rechtsfall
558 1934 648 1966 eben
676 1936 888 1968 verliandelt
913 1935 1062 1968 werden
1088 1935 1214 1974 sollte,
1240 1934 1294 1966 die
1320 1937 1431 1967 sehon
1458 1937 1569 1968 anbe-

73 1994 208 2022 raumte
235 1992 382 2031 Sitzung
407 1991 651 2032 aufzulieben‚
683 1992 770 2024 weil
794 2000 834 2023 er
859 1993 920 2023 mit
945 1992 1018 2022 sicli
1046 1992 1140 2023 nicht
1165 1992 1211 2022 im
1236 1992 1373 2024 Beinen
1399 2000 1501 2033 war,
1525 1993 1569 2024 ol)

74 2055 113 2079 er
137 2048 203 2079 deu
233 2046 481 2078 Gruudsatzeu
507 2048 627 2079 seines
651 2049 935 2089 Amtsgenossen
961 2047 1083 2088 fulgen
1109 2047 1229 2079 sollte.

162 2114 194 2146 4.
224 2114 364 2146 dedisse
393 2133 429 2138 -
457 2115 619 2152 cavisse]
647 2124 676 2146 s.
703 2125 746 2147 zu
772 2117 807 2155 5,
836 2115 890 2155 14,
917 2116 952 2146 6.

164 2182 196 2212 6.
222 2189 343 2214 curva
366 2183 548 2223 corriqz't]
583 2191 666 2214 war
690 2184 771 2215 eine
807 2179 1128 2222 spriichwtjrtliclie
1153 2181 1372 2221 Redensart,
1408 2181 1466 2212 die
1490 2190 1569 2213 man

78 2245 190 2278 gegen
216 2236 420 2279 diejenigen
446 2240 628 2279 brauchte,
653 2240 792 2270 welche
820 2236 956 2269 iiberall
988 2238 1049 2268 das
1075 2240 1259 2277 strengste
1277 2237 1391 2268 Recbt
1415 2239 1572 2279 verfolg-

78 2296 150 2331 ten,
174 2294 267 2325 nicht
301 2295 488 2327 unahnlich
521 2298 599 2327 dem
635 2296 749 2327 alten:
781 2295 868 2333 „der
899 2293 991 2324 wird
1018 2294 1117 2325 Alles
1154 2302 1198 2324 zu
1232 2294 1362 2325 Bolzen
1398 2294 1570 2325 dreben“.

77 2350 205 2380 Senec.
232 2351 378 2390 Apocol.
412 2351 444 2382 d.
471 2356 586 2383 morte
611 2351 732 2383 Claud.
760 2350 902 2388 Quintil.
929 2350 960 2389 1,
986 2351 1019 2380 3.
1050 2366 1085 2371 -—
1125 2349 1316 2389 corrigsere
1348 2350 1439 2382 steht
1472 2348 1569 2381 iibri-

75 2412 165 2443 gens
209 2406 264 2436 bei
297 2414 414 2438 curt-a
447 2409 482 2438 in
528 2409 649 2439 seiner
691 2407 929 2447 eigentlichen
962 2406 1181 2445 Bedeutung:
1222 2410 1337 2436 etwas
1369 2406 1568 2446 Krummes,

76 2461 238 2492 schiefes
262 2462 394 2499 gerade
417 2463 577 2502 macheu,
605 2465 720 2493 etwas
741 2461 983 2493 Verkebrtem
1009 2462 1064 2491 ‹lie
1092 2462 1211 2491 rechte.
1239 2461 1416 2498 Ricbtung
1440 2461 1565 2501 geben.

77 2515 167 2546 Cato
192 2516 234 2546 R.
258 2517 297 2546 R.
323 2516 378 2546 33.
403 2516 585 2548 Columell.
612 2518 645 2558 4,
669 2518 724 2548 26.
751 2518 839 2548 Pliu.
867 2518 906 2547 H.
935 2516 977 2546 N.
1006 2517 1039 2555 7,
1059 2515 1115 2546 20.
1140 2516 1284 2547 Petron.
1311 2517 1369 2547 57.
1395 2516 1566 2558 Dagegen

79 2571 244 2602 bedeutet
268 2571 477 2602 emendare:
502 2572 564 2602 das
588 2573 820 2604 Fehlerliafte
847 2572 1044 2607 entfernen,
1072 2580 1099 2602 S.
1125 2570 1200 2603 Cic.
1227 2571 1292 2603 Off.
1318 2571 1350 2611 1,
1375 2571 1430 2603 41.

166 2638 200 2669 ’7.
227 2637 381 2669 honesta
405 2638 566 2669 consilia
589 2639 675 2675 rel.]
701 2638 1003 2670 Parallelstellen:
1030 2639 1179 2669 Sallust.
1204 2639 1285 2680 Jug.
1311 2640 1366 2681 92,
1390 2640 1423 2671 2.
1449 2640 1564 2673 Tacit.

78 2694 171 2725 Hist.
197 2696 230 2733 5,
254 2694 313 2734 21,
332 2697 363 2726 5.
390 2694 492 2725 Caes.
520 2695 551 2726 b.
578 2702 608 2725 c.
634 2694 668 2734 2,
695 2693 752 2725 31.
777 2693 849 2725 Cio.
877 2694 984 2725 Attio.
1009 2694 1041 2733 9,
1066 2695 1100 2725 8.
1134 2693 1232 2726 Curt.
1255 2697 1290 2738 3,
1313 2697 1345 2737 6,
1371 2696 1423 2728 18.
1452 2697 1563 2730 Plaut.

78 2748 207 2781 Pseud.
231 2750 264 2789 2,
288 2750 321 2791 3,
348 2750 402 2781 13.
