1855 3200
670 193 769 230 liber
798 192 953 230 tertius.
1476 187 1498 230 1
1510 186 1542 231 6
1551 184 1578 228 ἶ

744 347 916 392 VIII.

406 460 459 509 (ἱ
510 459 699 508 Plinius
740 457 1026 524 Tranquillo
1063 457 1169 508 Suo
1204 458 1261 507 S.

225 580 356 621 Facis
380 592 458 635 pro
480 581 624 619 cetera
649 576 911 633 reverentia,
950 588 1073 632 quam
1093 575 1193 617 mihi
1217 580 1435 632 praestas,
1462 572 1573 631 quod

89 651 173 690 tam
211 648 390 689 sollicite
423 647 551 702 petis,
590 648 634 686 ut
655 643 924 701 tribunatum,
963 657 1088 699 quem
1110 655 1134 684 a
1156 643 1333 685 Neratio
1351 641 1575 692 Marcello,

86 715 325 757 clarissimo
362 715 471 771 viro,
520 710 746 768 impetravi
783 710 881 768 tibi,
926 711 967 752 in
1006 708 1291 753 Caesennium
1335 709 1576 763 Silvanum,

86 783 366 838 propinquum
402 785 530 833 tuum,
568 778 837 821 transferam.
909 778 1012 819 Mihi
1040 781 1181 820 autem
1205 778 1315 819 sicut
1344 775 1574 831 jucundis·

88 850 254 906 simum,
293 851 431 905 ipsum
467 853 510 891 te
545 847 782 902 tribunum,
822 846 879 887 ita
914 858 997 888 non
1034 845 1172 887 minus
1206 848 1398 901 gratum,
1447 843 1577 886 alium

86 929 165 972 per
199 921 242 959 te
277 915 444 959 videre.
514 916 668 970 Neque
698 914 808 956 enim
829 926 932 956 esse
960 925 1205 969 congruens
1228 913 1426 968 arbitror,
1450 924 1577 969 quem

86 995 250 1038 augere
284 986 447 1040 cupias,
486 982 581 1025 huie
615 981 789 1038 pietatis
824 981 958 1022 titulis
994 979 1205 1034 invidere,
1241 981 1313 1036 qui
1349 984 1449 1021 sunt
1484 991 1577 1022 om-

86 1051 211 1093 nibus
247 1051 480 1093 honoribus
514 1049 801 1106 pulchriores,
874 1047 1010 1090 Video
1048 1047 1202 1101 etium,
1238 1061 1331 1089 cum
1363 1047 1420 1089 sit
1443 1059 1574 1101 egre-

85 1119 196 1174 gium
245 1123 288 1161 et
332 1118 486 1161 mereri
532 1116 740 1160 beneficia
787 1121 830 1158 et
876 1115 1004 1173 dare,
1047 1119 1271 1170 utramque
1317 1118 1362 1156 te
1405 1112 1575 1156 laudem

86 1186 209 1227 simul
258 1185 582 1242 adsecuturum,
631 1185 666 1226 si
713 1182 826 1239 quod
873 1183 968 1239 ipse
1013 1182 1233 1236 meruisti,
1275 1180 1351 1223 alii
1396 1181 1573 1222 tribuas.

85 1254 321 1296 Praeterea
356 1253 570 1309 intelligo,
618 1251 716 1293 mihi
754 1263 923 1307 quoque
958 1249 1125 1304 gloriae
1160 1249 1278 1303 fore,
1325 1248 1365 1290 si
1401 1261 1456 1290 ex
1491 1247 1574 1289 hoc

85 1324 156 1363 tuo
204 1321 314 1363 sacto
361 1333 444 1362 non
494 1320 621 1362 fuerit
662 1319 875 1373 ignotum,
923 1318 1081 1359 amicos
1125 1330 1244 1359 meos
1291 1329 1373 1358 non
1417 1327 1574 1371 gerere

85 1391 248 1429 tantum
284 1388 524 1429 tribunatus
560 1399 716 1442 posse,
756 1399 905 1427 verum
943 1386 1069 1427 etiam
1105 1383 1225 1426 dare.
1305 1382 1454 1435 Quare
1491 1394 1572 1436 ego

86 1468 196 1496 vero*
239 1455 568 1497 honestissimae
612 1453 824 1496 voluntati
877 1457 978 1494 tuae
1022 1464 1169 1508 pareo.
1262 1452 1418 1506 Neque
1465 1451 1575 1492 enim

88 1520 229 1562 adhue
273 1534 423 1563 nomen
468 1523 508 1562 in
553 1533 755 1563 numeros
800 1520 979 1561 relatum
1026 1524 1117 1561 est:
1170 1517 1354 1574 ideoque
1396 1517 1577 1558 liberum-

89 1594 157 1630 est
204 1588 338 1643 nobis,
377 1587 606 1629 Silvanum
648 1588 689 1626 in
738 1586 874 1627 locum
917 1590 1034 1627 tuum
1079 1585 1291 1627 subdere:
1338 1585 1405 1627 eui
1450 1584 1575 1639 cupio

88 1661 171 1697 tam
207 1660 373 1710 gratum
400 1667 504 1696 esse
525 1666 676 1695 munus
699 1657 829 1710 tuum,
867 1664 990 1708 quam
1026 1652 1102 1693 tibi
1137 1664 1274 1695 meum
1296 1660 1376 1694 est.
1448 1650 1574 1693 Vale.

177 1828 318 1863 vul.
346 1830 376 1861 1.
404 1830 550 1866 cetera]
576 1838 605 1860 s.
631 1838 674 1860 zu
698 1828 732 1867 2,
761 1828 812 1868 16,
839 1828 868 1860 1.

174 1921 207 1951 2.
233 1920 387 1959 ctu-clere]
415 1921 578 1951 bedeutet
604 1920 692 1949 auch
719 1918 768 1948 oft
794 1918 918 1949 allelu:
942 1925 1014 1958 „zu
1040 1918 1155 1949 hohen
1181 1919 1298 1949 Ehren
1324 1918 1484 1958 bringen.
1507 1917 1574 1948 Je-

86 1976 244 2008 mandem
272 1977 560 2007 hijhereAenner
575 1973 834 2006 verscliaffen“.
883 1974 936 2004 Da
950 1982 1018 2004 uun
1034 1972 1244 2015 honoribus,
1268 1974 1330 2004 das
1355 1973 1412 2005 die
1425 1975 1572 2005 meisten

91 2033 282 2072 Ausgabon
310 2033 396 2062 nach
422 2040 558 2071 auffert)
583 2031 702 2070 lesen,
736 2032 782 2060 im
807 2030 930 2060 Medic.
955 2030 1062 2071 Prag·
1088 2032 1142 2063 ed.
1175 2031 1276 2062 Rom.
1301 2031 1379 2062 Ber.
1405 2029 1506 2071 fehlt,
1531 2038 1573 2061 80

90 2089 204 2119 haben
229 2090 301 2118 wir
326 2096 365 2118 es
391 2089 467 2118 hier
492 2088 756 2127 weggelassen.

176 2156 315 2191 titulis]
342 2163 370 2185 s.
400 2163 443 2184 zu
473 2154 501 2194 1,
531 2154 582 2195 10,
611 2154 660 2184 12.

178 2246 213 2277 4.
241 2245 367 2284 Quare
395 2253 456 2283 eqo
480 2245 587 2281 vero]
618 2251 707 2275 vero
740 2243 805 2274 das
837 2244 913 2276 hier
944 2244 1015 2276 viei
1040 2245 1195 2276 Anstoss
1227 2243 1349 2284 erreg't
1374 2243 1468 2282 hats
1486 2241 1571 2272 fehlt

87 2311 186 2334 zwar
211 2304 244 2332 iu
270 2302 334 2331 der
348 2301 452 2340 Prag.
473 2310 503 2330 u.
523 2300 667 2331 Helms't.
685 2299 896 2339 Handschr„
920 2301 1007 2331 doch
1033 2300 1136 2331 findet
1155 2308 1194 2331 es
1219 2301 1293 2331 sich
1317 2299 1404 2330 auch
1422 2298 1501 2330 dort
1525 2306 1570 2329 an

85 2360 149 2389 der
170 2358 277 2389 §telle
300 2357 331 2393 4,
350 2357 399 2392 ¹7,
416 2356 473 2387 11.
521 2357 620 2387 Viele
650 2356 793 2388 kliunen
829 2357 903 2387 sich
930 2356 1079 2387 niimlich
1112 2365 1184 2387 von
1207 2357 1273 2386 der
1293 2355 1440 2386 Ansicht
1472 2354 1571 2384 nicht,

85 2414 151 2445 frei
167 2416 324 2452 macheu,
353 2413 433 2443 dass
458 2420 544 2443 vero
570 2413 799 2443 adversative
818 2400 1025 2451 Bedeutung
1051 2413 1122 2449 hat,
1146 2420 1206 2442 wo
1232 2419 1271 2440 es
1296 2410 1487 2448 allerdiugs
1510 2410 1571 2439 mit

87 2476 203 2509 quare
233 2471 306 2501 sich
333 2470 430 2499 niel-‚t
467 2473 659 2507 verti-agen
687 2468 836 2506 ktinute3
868 2476 907 2497 es
932 2469 1053 2497 nimmt
1076 2467 1184 2505 aber,
1214 2467 1268 2496 als
1301 2467 1364 2496 der
1389 2464 1462 2495 Abl.
1499 2472 1568 2494 νου

86 2532 232 2560 rerum,
264 2524 502 2563 gewijhnlich,
537 2524 744 2555 namentlich
771 2525 804 2552 iu
831 2521 1062 2560 verbindung
1085 2523 1146 2552 mit
1169 2521 1246 2552 dem
1272 2521 1488 2560 pronomen,
1511 2519 1569 2551 die

86 2579 288 2617 Bedeumng
313 2581 411 2608 einer
430 2578 701 2617 Bekriistigung‚
728 2579 990 2617 Versicherung
1012 2584 1071 2616 an,
1095 2577 1210 2616 vergl.
1235 2572 1268 2617 6,
1296 2576 1348 2615 12,
1376 2576 1404 2607 l.
1429 2575 1516 2616 QS,
1532 2576 1565 2606 7.

89 2641 131 2664 so
158 2633 226 2663 viel
252 2634 323 2662 wie
348 2631 537 2674 profecto,
561 2634 698 2673 unque.

176 2700 342 2735 numeri]
377 2700 431 2730 bei
463 2700 538 2729 dem
565 2701 819 2738 Kriegswesen
855 2699 919 2729 der
948 2699 1079 2729 Rtimer
1108 2699 1212 2730 theiis
1245 2700 1324 2730 eine
1359 2698 1567 2737 Abtheil'ung

88 2755 271 2795 soldaten,
297 2757 368 2786 wie
394 2757 471 2785 eine
496 2755 672 2792 Coum-te,
696 2757 776 2785 eine
800 2755 949 2794 Turme,
974 2755 1079 2786 theils
1110 2755 1171 2785 das
1195 2753 1451 2786 Verzeichuiss
1476 2755 1580 2785 ,der-.-

87 2811 232 2849 selben‚
267 2818 307 2842 so
341 2810 393 2849 10,
419 2809 474 2841 38.
510 2811 605 2841 Suet.
627 2810 735 2850 Vesp.
762 2811 795 2840 6.
855 2810 975 2842 Daher
997 2812 1055 2842 die
1078 2809 1310 2842 Ausdriieke:
1344 2809 1489 2849 referri
1511 2809 1564 2838 ·in

88 2872 272 2904 numer-0³³,
295 2867 331 2897 in
356 2867 517 2898 numeris
541 2875 698 2904 manere,
722 2866 886 2897 desinere
909 2868 945 2898 e'n
970 2866 1134 2899 numeris
1158 2873 1241 2897 esse.
1467 2867 1473 2874 '

1620 577 1639 615 l

1614 1049 1641 1085 3
