1855 3200
683 199 781 240 liber
811 204 984 249 quartus.
1489 197 1595 242 243

115 317 335 364 sermoniS.
415 313 540 369 Quod
582 317 620 358 si
666 315 798 375 haec,
843 329 954 374 quae
997 319 1099 361 sunt
1133 320 1177 360 et
1211 314 1367 371 latina,
1405 320 1448 359 et
1483 326 1633 375 meast

115 387 271 429 habere
306 383 382 426 tibi
417 383 575 441 aliquid
611 385 860 429 venustatis
895 384 1180 443 videbuntur,
1231 387 1431 441 quantum
1468 387 1594 440 putas

111 454 256 495 inesse
298 451 362 494 cis
406 453 594 510 gratiae,
644 457 763 509 quae
791 457 834 498 et
870 465 895 495 a
930 457 997 506 te,
1043 457 1086 496 et
1133 465 1316 508 graece,
1363 451 1595 508 proferun-

110 513 211 561 tur?
279 517 406 563 Vale.

760 639 927 684 XIX.

431 748 486 800 C.
523 750 714 800 Plinius
752 751 1012 816 Hispullae
1047 750 1184 801 Suae
1218 750 1273 799 S.

244 854 352 900 Cum
387 857 451 899 sis
485 856 657 913 pietatis
695 859 963 916 exemplum,
1010 857 1272 915 fratremque
1317 857 1517 915 optimum
1553 861 1597 900 et
1637 868 1660 904 ι

111 926 443 968 amantissimum
476 924 565 983 tui,
602 926 697 982 pari
733 928 912 970 caritate
948 925 1176 978 dilexeris,
1221 925 1438 983 filiamque
1483 926 1595 982 ejus,

110 997 155 1035 ut
190 997 318 1046 tuam,
355 991 526 1049 diligas,
563 1006 643 1037 nec
659 999 820 1037 tantum
847 994 1002 1037 amitae
1021 994 1075 1052 ei,
1113 1006 1265 1037 verum
1299 994 1425 1036 etiam
1461 991 1597 1048 patris

110 1061 255 1102 amissi
303 1059 515 1103 adfectum
561 1067 895 1117 repraesentes:
951 1074 1036 1103 non
1081 1060 1250 1114 dubito,
1297 1061 1478 1102 maximo
1523 1058 1596 1100 tibi

110 1126 269 1184 gaudio
306 1128 423 1182 fore,
470 1141 563 1171 cum
600 1130 883 1186 cognoveris,
933 1127 1103 1184 dignam
1138 1131 1284 1185 patre,
1331 1127 1502 1182 dignam
1537 1130 1596 1181 te,

109 1194 279 1251 dignam
314 1206 398 1238 avo
435 1194 643 1239 evadere.
718 1196 936 1240 Summum
973 1199 1042 1238 est
1075 1207 1269 1248 acumen,
1306 1202 1467 1236 sunnna
1504 1192 1597 1235 fru-
1638 1199 1664 1235 2

108 1263 290 1318 galitas:
339 1266 451 1304 amat
484 1276 573 1320 me,
611 1262 725 1319 quod
761 1263 972 1306 castitatis
1015 1262 1210 1306 indicium
1254 1265 1336 1304 est.
1415 1258 1599 1303 Accedit

109 1330 176 1371 his
220 1329 403 1372 studium
451 1330 711 1387 litterarum,
768 1330 882 1388 quod
928 1344 983 1374 ex
1030 1330 1114 1373 mei
1157 1329 1340 1373 caritate
1384 1327 1597 1384 concepit.

111 1397 238 1440 Meos
273 1397 441 1439 libellos
476 1397 620 1456 habet,
658 1399 839 1458 lectitat,
878 1397 1031 1442 ediscit
1051 1397 1194 1441 etiam.
1266 1395 1362 1449 Qua
1397 1396 1469 1438 illa
1505 1395 1599 1437 sol-
1637 1405 1667 1441 3

110 1463 351 1513 licitudine,
395 1476 490 1507 cum
537 1464 689 1509 videor
723 1471 920 1519 acturus,
965 1470 1146 1522 quanto,
1187 1477 1282 1507 cum
1317 1464 1403 1520 egi,
1440 1460 1599 1519 gaudio

110 1526 329 1573 adficitur!
398 1531 626 1589 Disponit,
671 1533 742 1588 qui
785 1534 980 1576 nuntient
1025 1533 1132 1590 sibi,
1179 1545 1306 1588 quem
1349 1530 1599 1585 adsensum,

110 1610 219 1654 quos
255 1597 466 1641 clamores
503 1598 752 1654 excitarim,
804 1612 930 1656 quem
975 1603 1180 1643 eventum
1222 1597 1371 1654 judicii
1416 1597 1599 1639 tulerim.

110 1773 231 1806 selben
257 1775 351 1806 nicht
386 1775 544 1813 erle-bie,
578 1775 675 1816 klagt
708 1774 861 1808 dariiher
886 1776 916 1816 1,
944 1775 1020 1807 140.
1044 1776 1127 1813 832,
1161 1775 1247 1806 auch
1274 1775 1426 1815 Plinius,
1462 1775 1600 1805 Seneca

109 1832 212 1871 epist.
238 1831 295 1862 58.
320 1830 388 1861 und
415 1832 576 1862 Manilius
603 1833 637 1870 3,
650 1831 695 1862 40
718 1834 884 1864 stimmen
912 1831 1020 1862 damit
1044 1830 1203 1863 iiberein.
1251 1830 1325 1862 Nur
1349 1830 1478 1862 Cicero
1503 1831 1603 1870 wagt

105 1881 150 1918 'es
174 1887 216 1917 de
240 1887 298 1918 fin.
324 1886 355 1926 1,
379 1888 413 1926 3,
441 1887 494 1917 10.
521 1887 643 1918 seiner
667 1888 951 1928 Muliersprache
983 1895 1027 1917 an
1052 1887 1257 1918 Reichthum
1290 1887 1400 1919 selbst
1437 1893 1505 1917 vor
1538 1885 1603 1916 der

109 1942 242 1983 griech.
268 1942 333 1973 den
360 1942 508 1982 Vorzug
533 1951 577 1973 zu
614 1944 726 1982 gehen
743 1968 751 1982 ‚
784 1944 897 1984 vergi.
924 1944 956 1983 3,
980 1943 1014 1983 2,
1038 1945 1071 1974 5.
1096 1943 1203 1974 Tusc.
1228 1944 1262 1983 3,
1275 1942 1310 1984 S,
1329 1943 1385 1974 16.
1409 1943 1442 1981 3,
1467 1940 1520 1981 10,
1544 1939 1601 1971 20.

111 1997 212 2027 Doch
237 1994 501 2027 unwillkiirlich
527 1996 775 2037 entschliipfen
798 2000 886 2029 auch
919 1999 988 2030 ihm
1014 1999 1290 2037 Gestiindnisse‚
1324 2000 1379 2030 die
1411 1997 1475 2029 das
1502 1996 1601 2026 Vor-

111 2052 217 2091 eilige
235 2050 342 2093 jener
368 2052 595 2092 Beliauptung
618 2054 654 2083 in
679 2054 776 2085 ihrer
799 2054 925 2084 Blosse
950 2054 1156 2095 dai-stenen,
1180 2055 1252 2085 wie
1269 2055 1377 2085 Tusc.
1401 2055 1438 2094 2,
1463 2053 1520 2092 15,
1544 2053 1600 2083 35.

113 2106 255 2139 Caecili.
279 2108 334 2140 18.
360 2107 476 2139 Divin.
501 2108 534 2148 2,
558 2107 591 2139 2.

200 2174 233 2206 2.
260 2175 295 2206 et
315 2176 471 2216 yraece]
501 2176 552 2207 Da
576 2176 654 2207 hier
669 2177 756 2207 Plin.
783 2184 849 2207 nur
872 2176 936 2207 auf
955 2176 1011 2207 die
1024 2174 1348 2216 eigenthiimlichen
1367 2173 1602 2205 Schiinheiten

111 2231 174 2263 der
205 2232 454 2272 griechischen
478 2233 633 2272 Sprache
663 2230 857 2263 Riicksicht
893 2234 1032 2271 nimmt‚
1065 2232 1164 2263 kann
1195 2232 1314 2262 dieser
1341 2231 1471 2261 Zusatz
1510 2227 1605 2259 nicht

112 2288 173 2317 mit
196 2285 285 2326 4,.3,
309 2287 330 2317 5
354 2288 524 2327 streiten‚
559 2296 618 2319 wo
642 2287 776 2318 Plinius
799 2288 889 2319 noch
915 2287 1219 2328 vorziiglicheres
1244 2294 1326 2317 vom
1353 2286 1511 2316 Antonin
1537 2291 1600 2314 er-

113 2344 255 2382 wartet,
277 2349 386 2373 wenn
410 2350 452 2375 er
476 2345 511 2374 in
535 2345 658 2375 seiner
682 2345 965 2383 Muttersprache
990 2344 1157 2376 dichtete.

203 2405 338 2444 xlx.
369 2408 398 2440 1.
424 2411 474 2447 ei]
498 2408 557 2442 fiir
579 2410 637 2442 die
659 2410 764 2450 Vulg.
796 2406 878 2448 ejus
901 2410 1013 2441 haben
1037 2411 1141 2451 Prag.
1167 2409 1258 2449 Aug.
1284 2407 1430 2438 Helmst.
1457 2404 1524 2435 und
1548 2403 1602 2434 ed.

118 2463 219 2494 Rom.
244 2464 325 2494 Ber.
348 2465 447 2495 Junt.

194 2531 500 2569 repraesentare]
515 2533 546 2562 in
562 2533 684 2563 seiner
697 2529 993 2572 urspriinglichen
1007 2531 1192 2562 {ichtclass-
1207 2529 1431 2567 Bedeutung:
1450 2524 1605 2566 „aufder

119 2581 241 2622 Stelle,
266 2586 356 2615 ohne
369 2584 515 2624 Verzug
529 2590 646 2616 etwas
658 2587 851 2627 gewiihren
877 2587 963 2617 oder
987 2584 1147 2617 leisten“.
1193 2585 1266 2616 Der
1279 2581 1411 2624 Begriff
1419 2583 1482 2613 der
1494 2579 1603 2611 Stell-

120 2640 351 2679 vertretung‚
375 2639 442 2670 den
467 2639 588 2680 Gierig
613 2642 689 2672 hier
713 2644 901 2679 annimmt‚
937 2641 1030 2672 kann
1055 2641 1151 2672 nicht
1175 2639 1333 2680 gebilligt
1357 2636 1529 2675 werden;
1559 2642 1603 2666 er

120 2692 245 2733 gehtirt
265 2694 352 2725 auch
376 2703 441 2725 nur
455 2695 533 2726 dem
560 2695 806 2728 verdorbenen
819 2697 945 2727 Latein
961 2703 1018 2727 an.
1042 2695 1076 2735 2,
1091 2695 1158 2734 1,8
1181 2695 1276 2727 steht
1298 2691 1401 2725 dasiir
1423 2689 1602 2723 exhibere.

209 2759 242 2791 2.
268 2762 332 2799 ex]
357 2759 485 2793 driickt
520 2763 571 2794 oft
595 2764 676 2794 eine
701 2764 736 2794 in
769 2763 833 2795 der
856 2762 935 2794 Zeit
968 2768 1314 2804 vorausgegangene
1336 2759 1493 2791 [rsache
1526 2764 1603 2797 am,

121 2822 162 2848 so
187 2812 232 2854 ἐκ,
257 2816 319 2857 „in
343 2815 493 2858 Folge“.

211 2881 244 2912 3.
270 2881 471 2922 clamores]
497 2893 527 2916 s.
553 2894 596 2917 zu
621 2885 655 2926 2,
680 2885 734 2927 14,
758 2886 790 2917 6.

1164 2937 1217 2974 16
1240 2935 1255 2952 ⁸
