1855 3200
683 188 782 226 liber
811 188 959 226 tertius
1492 183 1513 225 1
1525 180 1592 226 73

113 304 310 349 Classico
344 302 500 358 fuerat,
536 303 866 361 accusavimus,
902 301 1066 358 dispari
1103 304 1279 344 eventu.
1362 300 1513 343 Prisco
1550 301 1594 344 in

113 372 324 416 biennium
340 371 466 413 Italia
493 370 784 414 interdictum:
819 371 1043 413 absolutus
1064 373 1132 413 est
1152 369 1340 410 Fuscus,
1412 368 1595 411 Actione
1607 372 1662 412 19

114 439 237 483 tertia
257 437 638 481 commodissimum
674 438 918 494 putavimus
945 438 1093 494 plures
1129 448 1412 492 congregare,
1448 448 1519 493 ne,
1556 434 1596 477 si

110 506 280 561 longius
316 511 437 549 esset
471 510 667 548 extracta
691 506 892 562 cognitio,
929 506 1132 549 satietate
1167 508 1212 547 et
1245 503 1386 546 taedio
1409 501 1594 559 quodam

103 574 273 629 justitia
317 575 664 628 cognoscentium
709 574 1013 628 severitasque
1060 573 1388 628 languesceret:
1434 570 1595 626 alioqui

110 645 368 696 supererant
403 642 588 684 minores
622 641 706 696 rei,
744 640 846 682 data
882 652 1013 696 opera
1049 639 1161 682 hunc
1197 640 1238 680 in
1273 639 1411 680 locum
1445 651 1595 681 reser-

109 708 222 751 vati:
272 713 454 763 excepta
489 713 628 752 tamen
667 707 851 751 Classici
888 720 1044 764 uxore,
1090 720 1203 763 quae
1244 707 1354 748 sicut
1389 705 1595 762 implicita

109 776 455 832 suspicionibus,
503 777 562 818 ita
607 790 691 818 non
736 776 849 818 satis
884 775 1087 818 convinci
1132 774 1452 830 probationibus
1495 773 1595 817 visa

109 847 194 886 est.
271 845 381 885 Nam
419 840 602 886 Classici
647 844 733 885 filia
769 844 907 901 (quae
954 848 997 885 et
1031 844 1128 899 ipsa
1172 843 1284 884 inter
1330 855 1430 884 reos
1472 838 1660 896 erat]20

107 923 162 953 ne
198 911 512 966 suspicionibus
548 911 714 967 quidem
747 911 968 954 haerebat.
1039 911 1194 966 Itaque
1230 922 1324 951 cum
1352 908 1408 951 ad
1442 920 1596 951 nomen

108 979 204 1032 ejus
242 979 282 1018 in
319 983 513 1021 extrema
548 979 718 1021 actione
753 980 972 1022 venissem
1009 977 1178 1034 (neque
1213 978 1344 1029 enim,
1380 981 1427 1019 ut
1460 976 1593 1028 initio,

109 1046 174 1087 sic
211 1046 337 1087 etiam
373 1046 412 1086 in
449 1047 538 1088 sine
573 1045 812 1089 verendum
841 1051 949 1097 erat,
985 1059 1039 1087 ne
1062 1058 1139 1100 per
1159 1044 1238 1087 hoc
1260 1045 1390 1087 totius
1410 1055 1583 1086 accusa·

107 1112 235 1155 tionis
279 1114 511 1155 auctoritas
553 1110 845 1171 minueretur]
893 1113 1236 1154 honestissimum
1278 1110 1464 1167 credidi,
1509 1123 1595 1152 non

105 1193 304 1236 premere
338 1181 651 1239 immerentem,
689 1180 817 1237 idque
851 1182 989 1236 ipsum
1024 1178 1111 1220 dixi
1147 1183 1191 1221 et
1225 1179 1361 1225 libere
1393 1181 1438 1220 et
1457 1178 1593 1220 varie.

106 1249 215 1290 Nam
250 1247 374 1290 modo
411 1248 578 1302 legatos
614 1248 945 1304 interrogabam,
984 1246 1292 1289 docuissentne
1321 1258 1391 1288 me
1421 1242 1662 1301 aliquid,21

107 1314 218 1370 quod
254 1315 476 1372 reprobari
510 1327 643 1370 posse
665 1308 962 1358 confiderent?
997 1313 1119 1357 modo
1143 1311 1596 1355 consiliumaSenatu

106 1382 323 1438 petebam,
359 1387 587 1439 putaretne
613 1381 774 1426 debere
793 1396 877 1440 me,
915 1382 952 1424 si
973 1395 1099 1438 quam
1119 1381 1322 1424 haberem
1340 1380 1384 1422 in
1408 1379 1594 1423 dicendo

107 1449 376 1507 facultatem,
413 1450 455 1490 in
486 1451 683 1505 jugulum
718 1450 960 1493 innocentis
996 1450 1120 1505 quasi
1154 1449 1286 1492 telum
1321 1445 1489 1504 aliquod
1527 1448 1597 1489 in-

108 1511 326 1558 tendere?
364 1518 585 1559 Postremo
621 1521 755 1559 totum
789 1519 928 1560 locum
962 1517 1044 1559 hoc
1066 1517 1149 1559 fine
1173 1516 1385 1558 conclusi:
1429 1514 1594 1574 „Dicet

109 1582 286 1636 aliquis:
334 1582 508 1636 judicas
555 1578 693 1638 ergo?
771 1583 868 1638 Ego
923 1597 1031 1626 vero
1078 1596 1163 1625 non
1208 1583 1378 1636 judico:
1428 1582 1595 1624 memini

108 1653 250 1691 tamen
285 1664 352 1691 me
387 1649 644 1692 advocatum
680 1664 735 1693 ex
764 1650 982 1705 judicibus
1018 1648 1212 1691 datumf‘
1281 1650 1367 1691 Hic
1392 1660 1660 1697 numero-22

109 1716 313 1759 sissimae
349 1729 537 1760 caussae
571 1718 776 1760 terminus
810 1718 901 1767 suit,
939 1716 1192 1774 quibusdam
1228 1717 1457 1775 absolutis,
1494 1711 1595 1772 plu-¹

194 1881 250 1913 20.
276 1892 319 1914 ne
341 1883 615 1925 suspicionibus
639 1885 784 1927 quidem
807 1885 1003 1922 haerebat]
1030 1886 1148 1917 Wenn
1174 1885 1298 1925 Gierig
1323 1884 1430 1925 fragt,
1454 1892 1594 1915 warum

105 1937 196 1969 Plin.
220 1939 296 1969 sich
321 1940 580 1980 entscliuldige,
604 1940 686 1972 dass
710 1950 750 1973 er
775 1944 828 1972 sie
853 1943 950 1974 nicht
975 1941 1149 1983 anklage,
1174 1950 1282 1972 wenu
1306 1940 1392 1971 kein
1417 1940 1597 1971 Verdacht

107 1993 171 2023 auf
191 1995 245 2024 ihr
268 1995 366 2031 ruite,
392 2003 432 2025 so
458 1997 515 2026 liat
539 2005 579 2027 er
596 1997 651 2027 die
664 1998 866 2036 Bedeutung
891 2006 961 2028 von
986 1998 1142 2029 haerere
1166 1999 1260 2028 nicht
1283 2005 1400 2037 genug
1424 1997 1480 2027 ins
1496 1997 1596 2035 Auge

106 2049 254 2089 gesasst.
300 2050 479 2082 Verdacht
502 2055 637 2082 musste
663 2053 871 2083 voi-handen
907 2055 1002 2091 sein,
1037 2056 1138 2084 sonst
1168 2053 1305 2083 konnte
1329 2053 1381 2083 sie
1406 2059 1474 2092 gar
1500 2052 1596 2083 nicht

106 2105 298 2146 angel-:lagt
322 2107 482 2144 werden,
507 2108 593 2138 aher
617 2116 658 2138 er
682 2116 763 2138 war
786 2108 880 2138 nicht
905 2108 1005 2138 star-k
1031 2116 1148 2148 genug
1172 2109 1207 2138 in
1234 2107 1320 2138 Plin.
1336 2109 1458 2148 Augen
1485 2105 1595 2147 (diess

106 2165 188 2202 sagt
211 2162 414 2203 haerebat),
440 2173 495 2194 um
521 2164 577 2194 die
602 2163 716 2202 Klage
740 2164 1035 2195 durclizusetzen.

193 2227 249 2259 21.
276 2229 426 2267 docere]
460 2239 529 2261 von
564 2231 632 2262 deu
661 2231 852 2262 Partheien
869 2254 878 2272 ,
909 2232 965 2262 die
990 2232 1090 2262 ihren
1116 2229 1262 2261 Anwalt
1295 2239 1365 2261 von
1389 2230 1482 2261 allen
1508 2230 1594 2260 Um-

105 2283 254 2315 stiinden
278 2288 531 2327 unterrichten‚
555 2288 612 2319 die
636 2287 692 2318 bei
717 2285 885 2326 Fiihrung
908 2287 971 2317 des
986 2287 1181 2317 Processes
1207 2293 1276 2316 von
1293 2287 1502 2325 Bedeutung
1517 2286 1596 2316 sein

106 2339 264 2379 konnen,
288 2340 359 2372 Cic.
385 2351 418 2381 p.
436 2342 573 2374 Cluent.
589 2343 644 2374 70.
672 2343 767 2374 Fam.
782 2342 929 2383 7,21‚1.
978 2343 1071 2373 Vom
1094 2342 1236 2373 Anwalt
1261 2342 1386 2382 selbst,
1410 2341 1474 2371 der
1497 2341 1595 2371 diese

107 2395 337 2428 Nachrichtcn
363 2398 554 2439 empfangt‚
579 2399 747 2429 brauchte
771 2406 851 2430 man
876 2398 1030 2429 ‹li-scere.

195 2463 413 2503 reprobari]
440 2466 546 2496 mese
571 2466 698 2496 Lesart
723 2465 794 2496 fast
828 2465 917 2496 aller
942 2464 1219 2494 Handschriften
1242 2464 1331 2494 auch
1357 2462 1421 2494 der
1446 2463 1593 2504 Prager,

109 2519 213 2549 sollte
236 2521 332 2551 nicht-
355 2528 470 2559 gegeu
496 2521 551 2550 die
576 2518 770 2560 Conjectur
794 2519 976 2551 Scheffers
1001 2526 1042 2549 re
1064 2518 1219 2558 probari
1242 2527 1314 2549 von
1344 2517 1411 2548 den
1437 2526 1594 2550 neueren

108 2573 380 2613 Herausgebern
406 2576 616 2605 vertausciit
639 2575 800 2605 werden.
848 2573 922 2606 Fiir
947 2575 1003 2605 die
1027 2574 1183 2605 Tocliter
1207 2575 1268 2605 des
1286 2573 1466 2605 Classicus
1489 2582 1594 2614 spra-

111 2629 199 2659 chen
225 2636 265 2658 so
294 2629 386 2658 viele
411 2627 576 2668 giinstige
599 2629 806 2668 Umstiinde‚
832 2630 914 2659 dass
938 2629 1025 2660 Plin.
1051 2629 1323 2671 verzweifelte‚
1347 2630 1402 2662 die
1427 2631 1592 2662 Beweis-

109 2683 207 2715 kraft
229 2684 416 2715 dei-selben
442 2684 647 2715 entkra‘ften
672 2693 717 2714 zu
740 2684 894 2716 konnen.

199 2752 238 2783 z'n
255 2748 432 2793 juyulzem
456 2750 666 2788 intendere]
692 2760 720 2782 s·
745 2760 788 2782 zu
813 2751 846 2791 1,
869 2751 926 2792 20,
950 2751 1005 2783 14.

199 2819 256 2850 22.
281 2819 580 2851 numerosissima
604 2819 752 2856 caussa]
780 2818 838 2849 ein
856 2819 1091 2861 vielseitiger,
1113 2821 1188 2854 sich
1207 2823 1296 2854 weit
1313 2820 1591 2855 erstreckeuder

110 2875 318 2917 Reclitsfall‚
342 2883 383 2907 so
409 2882 603 2907 numerosa
630 2874 787 2909 materia
812 2874 946 2917 Paneg.
970 2876 1024 2917 39,
1047 2876 1081 2909 3.
