1855 3200
244 140 278 181 8
789 144 907 181 Plinii
936 143 1186 190 epistolarum

241 257 440 312 sequenti
465 255 647 313 Senatu,
685 269 780 298 cum
801 256 855 299 de
879 257 1006 298 rebus
1040 256 1136 298 aliis
1171 257 1419 311 referretur,
1456 255 1512 299 de
1530 256 1722 312 proximo

242 321 436 366 Senatus
463 324 660 366 consulto
696 322 913 376 disseruit,
949 322 1192 378 finitamque
1227 334 1426 365 caussam
1453 324 1716 366 retractavit.

203 389 420 432 2Addidit
455 390 594 444 etiam,
630 388 862 444 petendum
896 400 923 430 a
959 385 1245 443 Consulibus,
1290 393 1336 431 ut
1369 390 1604 444 referrent,
1641 390 1720 432 sub

243 457 439 512 exemplo
476 457 588 510 legis
625 456 831 509 ambitus,
868 453 923 497 de
959 455 1056 510 lege
1092 455 1446 510 repetundarum,
1482 468 1536 498 an
1572 457 1723 513 place-

241 528 308 566 ret
353 524 395 564 in
431 523 618 565 futurum
664 521 719 563 ad
765 535 857 565 eam
893 521 1033 577 legem
1080 521 1233 577 adJici,
1275 527 1346 575 ut,
1393 524 1506 564 sicut
1540 535 1723 566 accusa-

242 589 404 632 toribus
437 587 690 645 inquirendi,
726 589 998 644 testibusque
1034 588 1310 632 denuntiandi
1347 593 1543 644 potestas
1579 603 1634 633 ex
1669 602 1722 632 ea

187 656 341 721 xalege
377 659 512 712 esset,
547 655 606 696 ita
641 655 726 697 reis
762 669 930 711 quoque
967 655 1103 698 fieret.
1173 656 1389 707 Fuerunt,
1425 655 1579 710 quibus
1615 655 1723 699 haec

195 732 202 784 Ξ,
242 723 339 776 ejus
376 722 524 776 oratio,
561 726 606 763 ut
626 733 726 764 sera
758 726 801 765 et
823 722 1126 778 intempestiva
1162 726 1206 765 et
1239 727 1537 778 praepostera,
1573 721 1724 776 displi-

241 791 386 841 ceretz,
424 799 536 846 quae
571 788 732 831 omisso
768 788 1087 831 contradicendi
1123 793 1316 845 tempore
1351 788 1586 842 castigaret
1619 801 1724 844 per-

201 858 407 909 4actum,
444 855 513 896 cui
550 856 768 911 potuisset
799 868 1041 899 occurrere.
1112 856 1339 899 Iuventius
1375 854 1543 911 quidem
1567 851 1726 897 Celsus

241 925 428 976 praetor,
465 926 676 977 tamquam
713 921 1028 965 emendatorem
1058 921 1267 977 Senatus,
1305 927 1348 965 et
1382 922 1525 963 multis
1562 927 1606 964 et
1641 934 1725 965 ve-

241 988 462 1030 hementer
498 990 721 1044 increpuit.
792 989 1033 1045 Respondit
1066 990 1231 1045 NepOS,
1268 1001 1504 1044 rursusque
1541 985 1724 1030 Celsus:

202 1058 395 1101 5neuter
438 1056 702 1098 contumeliis
746 1056 1017 1111 temperavit.
1107 1057 1218 1098 Nolo
1254 1057 1440 1109 referre,
1487 1067 1597 1111 quae
1642 1054 1724 1096 dici

241 1121 294 1162 ab
330 1122 437 1176 ipsis
472 1122 654 1164 moleste
690 1122 789 1163 tuli:
827 1136 909 1178 quo
929 1123 1068 1180 magis
1104 1122 1310 1178 quosdam
1333 1134 1551 1164 enumero
1576 1125 1722 1162 nostro

241 1187 495 1242 improbavi,
532 1188 604 1243 qui
638 1188 760 1230 modo
797 1188 850 1230 ad
878 1187 1067 1242 Celsum,
1104 1188 1225 1231 modo
1262 1189 1315 1230 ad
1335 1189 1562 1243 Nepotem,
1598 1190 1724 1242 prout

241 1253 310 1295 hic
357 1254 429 1296 vel
477 1254 549 1296 ille
595 1253 779 1306 diceret,
825 1255 1057 1309 cupiditate
1099 1253 1298 1297 audiendi
1339 1254 1625 1311 cursitabant,
1681 1257 1724 1296 et

242 1332 355 1362 nunc
398 1320 523 1375 quasi
569 1320 838 1363 stimularent
873 1326 916 1363 et
951 1321 1262 1375 accenderent,
1311 1334 1445 1372 nunc,
1492 1321 1614 1376 quasi
1649 1333 1726 1363 re-

243 1387 519 1429 conciliarent
554 1392 954 1444 componerentque,
990 1389 1257 1444 frequentius
1285 1387 1484 1444 singulis,
1521 1386 1726 1428 ambobus

335 1586 571 1623 retractare]
598 1587 677 1617 eine
701 1586 963 1625 Reclitssacbe,
989 1587 1069 1617 eine
1093 1585 1314 1626 gesetzliche
1341 1585 1591 1625 Bestimmung,
1616 1583 1726 1614 nach-

242 1640 320 1672 dem
344 1642 397 1673 sie
422 1641 675 1679 entschieden,
712 1642 802 1672 noch
835 1641 962 1672 einmal
997 1649 1065 1671 zur
1088 1641 1299 1671 Discussion
1324 1640 1492 1679 bringen3
1523 1647 1562 1670 es
1588 1640 1726 1671 verti-at

242 1697 278 1727 in
305 1698 424 1730 vielen
448 1697 572 1729 Fallen
597 1697 653 1728 die
677 1697 784 1729 stelle
809 1697 874 1727 der
896 1696 1132 1736 Appellation.

332 1784 366 1815 2.
390 1783 457 1816 sub
491 1785 679 1825 ememplo]
712 1784 799 1814 nach
832 1785 910 1815 dem
942 1783 1154 1824 Vorgange3
1187 1783 1277 1813 deun
1310 1782 1387 1820 die,
1426 1780 1564 1812 welche
1594 1789 1722 1822 wegen

242 1840 541 1879 gesetzwidriger
566 1839 790 1878 Bewerbung
825 1847 879 1869 um
906 1839 1147 1869 Elirenstellen
1179 1827 1372 1877 angeklagt
1396 1843 1541 1876 waren,
1575 1837 1721 1869 durften

241 1894 357 1934 gleicll
381 1894 449 1925 den
471 1894 629 1934 Kliigern
661 1894 723 1925 auf
751 1894 807 1925 die
831 1894 1139 1925 Rechtswohlthat
1163 1893 1349 1933 Ansprucli
1373 1891 1542 1930 macheu,
1578 1892 1646 1921 auf
1665 1893 1722 1923 die

242 1948 560 1990 Herbeischaffung
583 1950 671 1980 aller
688 1949 855 1989 niitliigeu
879 1949 1133 1981 Beweismittel
1153 1948 1376 1989 (inquirere)
1403 1946 1470 1977 und
1495 1947 1550 1977 die
1565 1947 1725 1987 Stellung

242 2005 354 2036 selbst
378 2005 650 2045 unfreiwilliger
663 2005 807 2045 Zeugen
834 2004 996 2042 (testibus
1014 2002 1249 2043 demonstare)
1273 2007 1505 2041 anzutragen.
1543 2002 1591 2031 Es
1606 2001 1723 2042 fragte

243 2062 317 2092 sicli
342 2068 435 2101 nun,
468 2061 512 2091 ob
536 2060 633 2091 diese
659 2060 896 2100 Bestimmung
920 2059 1060 2101 kiinftig
1085 2061 1139 2092 bei
1162 2059 1301 2100 Klagen
1324 2055 1413 2088 iiber
1437 2054 1722 2094 Bedriickungen

242 2116 329 2148 oder
352 2116 658 2155 unrechtmiissige
682 2116 954 2155 Erpressungen
980 2116 1072 2147 auch
1097 2116 1216 2155 gelten
1242 2113 1359 2144 sollte.

331 2204 556 2237 ‹lenuntiare
586 2203 756 2241 testibus]
793 2203 881 2235 oder
910 2204 1130 2235 denuntiare
1169 2202 1288 2233 alicui
1320 2201 1583 2232 testimonium:
1618 2201 1722 2231 einen

240 2261 386 2300 Zeugen
426 2267 473 2290 zu
506 2261 692 2301 Ablegung
735 2259 799 2290 des
831 2259 1045 2299 zeugnisses
1077 2266 1123 2289 an
1157 2255 1427 2290 Gerichtsstelle
1456 2254 1615 2294 sordem,
1646 2254 1722 2286 Cic.

241 2315 377 2346 Cluent.
402 2316 435 2345 8.
461 2316 568 2347 Rosc.
597 2316 671 2347 Am.
695 2315 754 2346 38.
780 2314 926 2352 Quint-il.
951 2315 986 2353 5,
1009 2314 1041 2353 7,
1065 2314 1098 2344 9.

329 2405 361 2436 3.
388 2404 832 2445 temporeJ=occasione
855 2402 961 2434 Corn.
983 2403 1095 2434 Alcib.
1110 2402 1143 2433 8.
1169 2401 1318 2433 Phaedr.
1339 2401 1372 2443 5,
1387 2400 1421 2441 8,
1438 2399 1470 2430 ’7.
1496 2399 1618 2431 Daher
1636 2406 1720 2430 ver-

241 2460 359 2492 bindet
383 2461 493 2492 Plaut.
519 2460 621 2492 beide
645 2460 794 2492 wisi-ter
817 2458 944 2490 Pseud.
969 2457 1003 2499 4,
1027 2458 1061 2488 2.
1090 2474 1130 2481 —-
1156 2454 1282 2502 καιρός.

333 2550 367 2577 5.
395 2557 412 2578 e
437 2556 593 2580 numero
617 2549 762 2585 nostro]
790 2550 813 2580 i.
838 2556 869 2579 e.
896 2549 1119 2579 Senatorum.

333 2636 572 2674 componere]
597 2638 632 2668 in
658 2638 721 2669 der
745 2638 950 2677 Bedeutnng
984 2644 1053 2667 von
1089 2640 1252 2676 pacare,
1286 2633 1441 2673 sedare,
1479 2629 1721 2662 reconciliare

243 2687 376 2719 kommt
406 2689 484 2720 blos
512 2691 563 2721 bei
589 2693 756 2724 Dichtern
781 2693 848 2724 und
874 2693 1132 2733 Zeitgenosscn
1158 2690 1219 2720 des
1244 2688 1378 2719 Plinius
1403 2693 1489 2721 vor,
1512 2686 1583 2716 wie
1607 2683 1719 2716 Tacit.

244 2743 333 2774 Anu.
362 2743 394 2784 3,
419 2743 450 2774 1.
477 2744 507 2784 4,
534 2745 585 2776 42.
