1855 3200
654 177 748 214 liber
781 181 957 214 octavus.
1452 172 1550 215 143

73 295 227 352 Itaque
261 294 452 336 omuibus
489 291 673 348 quidem,
712 305 766 334 ne
800 293 896 348 quis
931 290 1027 334 mihi
1064 302 1147 331 non
1184 287 1366 331 donatus
1401 289 1553 341 abiret,

73 368 237 419 partem
274 365 470 403 octavam
509 360 649 415 pretii,
686 371 768 414 quo
805 359 901 414 quis
932 362 1106 412 emerat,
1143 356 1359 399 concessi:
1397 355 1554 397 deinde

76 431 149 483 iis,
221 428 290 483 qui
345 427 629 482 amplissimas
673 438 859 468 summas
911 425 1162 467 emtionibus
1218 427 1554 478 occupaverant,

77 496 305 551 separatim
360 494 568 535 consului.
671 495 781 535 Nam
836 497 878 535 et
924 506 989 535 me
1036 491 1172 546 magis
1218 493 1452 545 Juverant,
1512 495 1556 530 et

76 565 213 617 majus
241 562 322 616 ipsi
359 561 548 602 fecerant
585 558 793 602 damnum.
865 559 1006 614 Igitur
1035 560 1101 611 iis,
1137 559 1207 613 qui
1243 557 1395 613 pluriS,
1431 569 1555 612 quam

78 629 224 671 decem
267 628 464 685 millibus
500 633 713 679 emerant,
763 627 815 668 ad
869 627 983 669 illam
1039 638 1298 667 communem
1340 629 1382 665 et
1433 623 1556 679 quasi

83 697 291 752 publicam
348 700 543 736 octavam
599 694 743 735 addidi
799 694 1002 737 decimam
1055 696 1149 747 ejus
1206 704 1416 742 Summae,
1474 701 1557 745 qna

79 763 228 804 decem
254 762 381 803 millia
408 766 702 802 excesserant.
775 761 956 814 Vereor,
994 774 1048 802 ne
1070 772 1215 815 parum
1240 757 1557 814 expresseri1n3

75 830 265 884 apertius
302 829 491 870 calculos
526 827 761 870 ostendam.
845 826 894 870 Si
933 828 1005 883 qui
1041 827 1150 868 sorte
1186 824 1426 881 quindecim
1460 824 1557 864 mil-

76 897 186 937 libus
243 899 464 946 emerant,
520 894 561 935 hi
617 898 659 936 et
710 894 949 949 quindecim
1005 894 1176 936 millium
1232 897 1461 945 octavam,
1514 894 1558 932 et

78 964 263 1019 quinque
298 963 471 1003 millium
507 961 712 1003 decimam
749 962 948 1003 tulerunt.
1021 962 1269 1013 Praeterea,
1307 971 1399 1000 eum
1424 971 1558 1013 repu-

78 1036 227 1082 tarem,
271 1028 475 1084 quosdam
520 1041 573 1069 ex
612 1027 752 1069 debito
799 1029 1085 1084 aliquantum,
1132 1025 1338 1082 quosdam
1382 1024 1557 1080 aliquid,

78 1095 283 1151 quosdam
329 1095 428 1135 nihil
475 1095 750 1150 reposuisse,
799 1107 1064 1150 nequaquam
1111 1107 1259 1136 verum
1308 1091 1559 1146 arbitrabar,

78 1176 186 1218 quos
248 1174 332 1202 non
386 1166 620 1215 aequasset
682 1160 789 1203 tides
840 1162 1092 1212 solutionis,
1157 1160 1238 1201 hos
1296 1159 1560 1213 benignitate

77 1229 343 1271 remissionis
378 1239 580 1282 aequare.
652 1228 822 1268 Rursus
842 1240 945 1282 ergo
981 1228 1046 1279 iis,
1084 1227 1154 1282 qui
1175 1227 1414 1278 solverant,
1452 1226 1561 1278 ejus,

78 1295 188 1351 quod
225 1296 463 1348 solverant,
500 1293 707 1336 decimam
742 1295 899 1336 remisi.
972 1295 1057 1336 Per
1087 1294 1164 1335 hoc
1192 1292 1303 1336 enim
1338 1290 1561 1347 aptissime

78 1367 123 1405 et
157 1363 197 1403 in
245 1362 517 1417 praeteritum
566 1361 774 1416 singulis,
822 1373 900 1416 pro
945 1363 1156 1416 cujusque
1201 1360 1374 1415 merito,
1421 1357 1562 1413 gratia

79 1429 248 1481 referri,
286 1433 328 1471 et
365 1429 402 1468 in
440 1429 622 1469 futurum
659 1441 807 1469 omnes
844 1428 1011 1469 eumad
1039 1426 1276 1482 emendum,
1312 1429 1398 1467 tum
1435 1425 1561 1467 etiam

79 1495 134 1536 ad
170 1493 446 1547 solvendum,
493 1494 606 1535 allici
642 1494 912 1536 videbantur.
994 1494 1153 1548 Magno
1200 1493 1299 1534 mihi
1335 1505 1416 1535 seu
1451 1491 1560 1533 ratio

172 1636 204 1665 3.
229 1644 272 1666 ne
295 1634 377 1675 quis
404 1651 439 1657 —-
467 1634 607 1671 abiret]
634 1634 734 1674 Vir-g.
760 1635 850 1665 Aen.
875 1635 907 1672 5,
933 1633 1014 1665 305.

171 1701 372 1741 occultare]
397 1702 443 1731 ist
469 1702 532 1732 der
556 1699 850 1740 eigentliiimliclie
875 1700 1064 1731 Ausdruck
1091 1708 1161 1731 von
1186 1699 1455 1735 Geldsummeu‚
1490 1695 1563 1729 Ca-

86 1757 311 1798 pitaleug‘rdie
336 1764 414 1787 man
439 1756 627 1796 irgendwo
652 1756 705 1786 als
731 1756 899 1786 wei-bend
926 1756 1058 1796 anlegt.

174 1823 207 1855 4.
234 1823 380 1863 lyitur]
406 1831 436 1853 s.
462 1831 506 1852 zu
533 1823 564 1861 1,
590 1822 643 1862 19,
667 1823 700 1853 2.

170 1889 291 1929 pluris
309 1905 352 1911 -—
370 1888 549 1925 millibus]
577 1890 647 1920 Dei·
671 1890 813 1920 Genitiv
841 1888 903 1918 des
931 1889 1076 1920 §Vernis
1103 1889 1164 1918 mit
1197 1888 1275 1919 dem
1302 1887 1443 1918 Ablativ
1473 1886 1567 1917 stelit

85 1945 217 1976 ebenso
242 1945 314 1974 wie
339 1945 415 1975 hier
439 1945 644 1975 verbunden
680 1944 765 1974 Plin.
795 1944 834 1973 H.
860 1943 900 1973 N.
925 1943 981 1982 35,
1010 1943 1062 1973 10.

177 2019 252 2050 qua
275 2027 319 2032 —
343 2010 600 2045 excesserant]
628 2010 715 2040 nach
740 2010 818 2039 dem
844 2008 969 2040 Medic.
994 2008 1050 2040 fiir
1074 2011 1130 2040 die
1154 2009 1280 2049 Vulg.:
1314 2017 1410 2049 quae
1433 2025 1476 2029 —
1501 2015 1568 2039 etz·-

87 2064 262 2103 cesserat,
288 2065 400 2104 vergi.
418 2065 451 2104 2,
481 2065 532 2103 1¹,
556 2065 589 2095 2.

176 2131 209 2160 6.
234 2130 473 2169 aliquantum
504 2147 547 2153 —
579 2131 741 2171 aliquae'd]
784 2129 1118 2160 Bemerkenswerth
1153 2130 1198 2160 ist
1232 2129 1309 2159 hier
1341 2128 1403 2157 der
1437 2127 1568 2157 Umer-

86 2185 206 2216 scliied
232 2186 414 2215 zwisclien
442 2186 565 2216 beiden
591 2186 785 2217 wortern:
811 2185 1043 2227 aliquantum
1069 2184 1264 2225 „ziemlich
1291 2183 1359 2214 viel
1372 2182 1392 2198 ‘¹
1418 2181 1568 2212 umfasst.

86 2242 166 2272 eine
191 2240 363 2280 grossere
388 2241 528 2271 Summe
553 2241 605 2271 als
630 2240 782 2281 aliquid.

173 2307 398 2346 reposuisse]
426 2309 446 2337 i.
473 2317 504 2347 q.
529 2308 693 2347 solvisse,
727 2307 815 2337 doch
847 2306 914 2337 soll
947 2315 987 2338 es
1019 2307 1098 2337 hier
1131 2305 1369 2343 bezeichnen,
1401 2303 1482 2333 dass
1515 2302 1568 2331 sie

85 2362 183 2393 diese
207 2363 344 2391 Summe
368 2363 484 2392 sofort
512 2363 567 2393 bei
592 2361 784 2392 Abschluss
808 2362 870 2391 des
895 2362 1004 2391 Kauss
1029 2361 1199 2400 erlegteu.

180 2426 332 2461 verum]
358 2428 449 2457 stelit
472 2428 556 2456 sein·
581 2427 630 2458 oft
654 2428 688 2457 in
715 2428 777 2458 der
804 2427 1007 2467 Bedeutuug
1033 2435 1119 2457 von:
1146 2426 1300 2465 ,‚reclit,
1325 2420 1469 2462 billigss‘,
1495 2422 1565 2453 Cic.

88 2483 185 2514 Fam.
213 2483 246 2518 2,
276 2481 324 2518 17,
347 2483 378 2510 5.
408 2482 491 2510 lior.
517 2489 571 2519 ep.
601 2482 628 2519 l,
653 2482 686 2520 7,
711 2482 765 2511 98.
790 2482 902 2512 Plaut.
928 2484 1032 2512 Most.
1059 2483 1090 2519 3,
1115 2480 1210 2519 1,.52.
1238 2479 1341 2509 Caes.
1367 2479 1405 2508 Β.
1421 2479 1462 2508 G.
1489 2477 1565 2513 4‚S.

90 2538 190 2577 Virg-
219 2538 306 2566 Aen.
334 2535 388 2572 12,
413 2535 490 2564 694.
525 2544 565 2564 so
599 2537 693 2566 stelit
717 2537 806 2567 auch
839 2538 984 2567 veritas
1015 2536 1090 2566 Cic.
1112 2544 1146 2574 p.
1172 2534 1286 2571 Quint.
1311 2534 1345 2564 2.
1377 2541 1461 2564 vere
1494 2531 1567 2563 Cic.

90 2592 190 2622 Fam.
217 2591 249 2629 6,
270 2590 327 2620 22.
353 2590 513 2621 Priscian
541 2589 582 2619 18
608 2594 706 2628 sagt:
725 2588 858 2630 justum
885 2599 947 2629 pro
976 2597 1062 2621 vero
1087 2594 1121 2621 et
1146 2598 1266 2620 verum
1294 2596 1357 2628 pro
1376 2585 1473 2628 justo
1498 2587 1566 2619 fre·

91 2651 240 2688 quenter
264 2650 331 2676 tam
358 2653 434 2682 1108,
460 2651 563 2683 quarn
588 2645 698 2673 Attici
725 2647 896 2683 ponimus.

184 2711 366 2752 aequare]
393 2712 477 2741 uach
504 2711 581 2741 dem
607 2710 728 2740 Medio.
756 2708 830 2740 fiir:
858 2710 1034 2750 aequari,
1061 2711 1115 2740 liat
1142 2712 1226 2740 auch
1253 2710 1333 2741 edit.
1360 2711 1457 2740 dunt.

182 2780 215 2809 δ.
240 2779 341 2809 ratio
365 2793 407 2800 —-
431 2775 616 2816 facilitas]
644 2776 716 2806 Das
742 2776 939 2806 Vei-saliren
972 2776 1033 2806 des
1059 2776 1195 2807 Plinius
1219 2776 1354 2808 kounte
1377 2777 1434 2808 die
1460 2777 1569 2816 Fulge

93 2835 193 2865 einer
231 2835 367 2864 weisen
405 2832 636 2872 Berechnung
675 2830 831 2867 (ratio)
878 2832 978 2871 sein,
1013 2831 1056 2862 da
1095 2839 1134 2862 es
1170 2832 1240 2863 ihm
1278 2832 1398 2872 spiiter
1443 2832 1570 2863 weder
