1855 3200
716 191 816 229 liber
846 192 1035 230 decimus.
1511 193 1614 237 397

132 309 223 340 non
252 301 431 353 oportet.
510 299 736 356 Quidquid
772 313 877 356 erqo
917 316 979 344 ex
1009 302 1095 344 hac
1135 314 1297 344 caussa
1326 306 1473 346 actum
1513 309 1616 348 (wele

131 367 289 420 ve'yinli
317 379 462 409 (tineos
492 369 601 423 erit,
634 370 896 410 omittamus.
965 368 1074 411 Non
1104 372 1251 412 aeditus
1280 373 1395 413 enim
1426 372 1615 414 homini-

131 431 212 474 bus
242 434 457 490 cujusque
488 436 573 476 Ioci
602 448 733 491 quam
759 438 977 491 pec-nume
1003 436 1209 491 publicae
1239 440 1485 481 consultum
1504 441 1614 481 volo.

767 594 990 639 cxln.

596 704 648 753 C.
687 705 874 755 Plinius
917 706 1152 770 Trajmzo.

263 810 359 852 Lex
397 810 615 867 PompeJa,
652 811 848 867 Domine,
886 825 970 868 qua
992 813 1168 869 Bithyni
1205 818 1247 856 et
1286 814 1451 858 Pontici
1485 820 1608 858 utun-

131 883 215 935 tur,
254 890 345 931 (308,
382 878 453 934 qui
489 878 689 922 buleutae
726 892 749 921 a
787 881 1040 923 censoribus
1075 881 1299 935 leguntur,
1336 881 1440 925 dare
1474 897 1611 939 pecu-

131 946 243 987 niam
279 958 362 988 non
391 945 535 1000 jubet:
581 945 658 988 sed
705 946 756 1001 ii,
805 961 911 1003 quos
953 947 1218 1003 indulgentia
1254 954 1325 990 tua
1361 950 1613 1006 quibusdam

131 1013 377 1056 civitatibus
413 1026 544 1068 super
580 1013 808 1068 legitimum
846 1028 1067 1058 numerum
1102 1014 1291 1070 adjicere
1327 1020 1532 1072 permisit,
1571 1022 1614 1061 et

130 1081 302 1136 singula
354 1081 484 1122 millia
537 1079 806 1124 denariorum
855 1086 898 1124 et
951 1083 1049 1124 bina
1101 1083 1344 1125 intulerunt.
1435 1086 1610 1127 Anicius

130 1148 283 1191 deinde
319 1148 532 1190 Maximus
581 1150 811 1204 proconsul
861 1162 938 1192 eos
987 1151 1136 1203 etiam,
1185 1151 1253 1205 qui
1290 1164 1314 1192 a
1359 1153 1612 1194 censoribus

128 1216 399 1271 legerentur,
437 1214 647 1256 duntaxat
682 1217 727 1258 in
762 1217 1031 1272 paucissimis
1069 1218 1315 1259 civitatibus
1350 1219 1465 1260 aliud
1500 1221 1611 1272 aliis,

121 1284 251 1338 jussit
285 1282 460 1325 inferre.
540 1282 756 1338 Superest
803 1298 930 1341 ergo,
980 1289 1024 1326 ut
1060 1285 1153 1339 ipse
1200 1284 1431 1340 dispicias,
1481 1299 1534 1328 au
1572 1288 1611 1328 iu
1654 1305 1663 1315 ·

128 1350 321 1392 omnibus
357 1350 606 1392 civitatibus
642 1356 801 1393 certum
839 1351 993 1406 aliquid
1032 1364 1195 1406 omnes7
1233 1353 1302 1408 qui
1340 1353 1495 1396 deinde
1529 1354 1611 1395 bu-

126 1419 270 1461 leutae
308 1418 520 1472 leguntur,
560 1416 744 1460 debeant
779 1432 856 1474 pro
892 1419 1065 1460 introitu
1102 1418 1221 1462 dare.
1292 1420 1400 1462 Nam
1423 1421 1532 1477 quod
1572 1422 1611 1462 in

125 1490 378 1542 perpetuum
415 1497 657 1526 mansurum
682 1490 766 1538 est,
803 1497 828 1526 a
850 1489 892 1528 te
912 1486 1113 1528 constitui
1149 1485 1290 1539 decet,
1327 1490 1449 1542 cujus
1486 1489 1610 1531 sactis

128 1553 342 1609 dictisque
379 1550 560 1594 debetur
595 1552 843 1595 aeternitas.

759 1701 968 1750 cxlv.

608 1814 861 1879 T1·c(jmms
898 1816 1055 1865 Plinio
1091 1816 1146 1864 S.

268 1915 578 1958 Honor-arima
608 1917 926 1958 decurionatus
957 1928 1123 1973 omncs,
1157 1919 1231 1973 qni
1260 1919 1306 1960 in
1336 1931 1511 1975 quaque
1541 1922 1607 1962 ci-

127 1986 261 2026 rilale
283 1983 523 2039 Bithyniae
553 1984 816 2025 decuriones
842 1983 971 2039 Ῑὶιιηί,
1005 1983 1177 2040 Infert-e
1208 1983 1394 2028 debeant
1423 2000 1504 2029 uec
1533 2002 1605 2044 ne,

128 2156 319 2196 revocari,
353 2156 480 2188 deduci
506 2156 638 2188 koniuit
663 2164 729 2188 nur
753 2163 796 2186 au
821 2156 940 2186 dieser
963 2156 1073 2187 stelle
1102 2164 1179 2187 vor.
1240 2156 1291 2186 Da
1316 2155 1514 2188 vindicare
1547 2159 1605 2198 „in

129 2212 311 2252 Anspruch
327 2211 499 2245 uelunen“
524 2213 696 2252 bedentet,
721 2219 816 2242 muss
843 2219 919 2242 man
947 2220 986 2243 es
1011 2213 1065 2242 als
1086 2215 1164 2243 eine
1179 2210 1300 2242 Kiirze
1324 2212 1386 2243 des
1399 2214 1606 2244 Ausdrucks

128 2269 278 2300 nelimen
303 2270 338 2299 in
363 2269 440 2300 dem
464 2270 571 2300 Siune
596 2276 685 2299 von:
710 2267 929 2308 vindicare,
955 2267 996 2298 ut
1020 2267 1161 2298 irritae
1183 2266 1281 2309 Ῑὶαηι
1305 2268 1541 2309 laryitiones.
1572 2296 1576 2298 ,

220 2344 400 2380 exul.
427 2346 459 2377 1.
484 2346 546 2377 leoe
568 2344 759 2387 Pompeja]
786 2354 815 2376 s.
841 2354 883 2376 zu
909 2345 964 2386 10,
989 2345 1045 2386 83,
1074 2346 1104 2377 1.

218 2412 402 2449 buleutae]
428 2413 521 2444 Nach
546 2413 684 2444 Orelli's
708 2410 921 2454 Conjectur,
955 2412 998 2442 da
1023 2413 1077 2443 die
1102 2413 1195 2443 alten
1221 2413 1357 2452 Ausgg.
1384 2411 1421 2442 in
1445 2411 1602 2453 balmeta,

128 2469 169 2499 in
194 2467 329 2500 bulena
361 2468 503 2509 bieten,
535 2476 682 2500 woraus
715 2469 770 2500 die
801 2468 946 2507 spiitern
972 2467 1220 2508 Herausgeber
1254 2468 1289 2498 z'n
1315 2466 1422 2498 bulen
1446 2470 1605 2508 gemacht

129 2525 253 2556 liaben-

216 2592 249 2622 2.
276 2589 383 2621 aliud
406 2589 515 2626 aliis]
545 2590 617 2620 Der
631 2590 771 2630 Beitrag
793 2590 856 2621 der
879 2590 1110 2621 antretenden
1130 2590 1331 2620 Senatoren
1356 2591 1505 2622 ricluete
1531 2593 1604 2623 sich

128 2647 218 2678 nach
249 2647 312 2677 der
336 2645 471 2677 Grosse
505 2645 570 2676 und
598 2645 798 2686 Bedeutung
831 2645 893 2676 der
924 2644 1069 2686 Stiidte7
1102 2643 1160 2676 fiir
1191 2645 1331 2676 welche
1362 2648 1414 2678 sie
1445 2647 1605 2687 gewiihlt

128 2702 286 2734 wurdeu.

221 2764 387 2801 cxlv.
412 2766 681 2802 Honorart'um]
699 2768 755 2798 ein
769 2766 1071 2808 Ehrengesclienk
1096 2764 1155 2799 siir
1167 2767 1316 2807 gehabte
1336 2765 1457 2807 Miihe3
1482 2766 1606 2801 friiher

130 2827 261 2855 nannte
284 2832 363 2855 man
387 2822 600 2854 namentlich
625 2822 688 2853 das
713 2821 879 2853 Gen-eide
903 2830 965 2862 so,
991 2823 1056 2854 das
1082 2823 1137 2855 die
1160 2821 1317 2854 Provinz
1342 2823 1418 2854 dem
1443 2823 1604 2855 Procon-

131 2879 183 2911 sul
207 2878 390 2918 schenkte,
413 2876 489 2909 Cic.
513 2877 585 2908 Pis.
610 2877 665 2908 35.
720 2876 833 2909 Unter
862 2877 930 2910 den
953 2878 1105 2912 Kaisern
1130 2877 1359 2911 bezeichnete
1391 2887 1472 2911 man
1497 2880 1604 2913 damit
