<?xml version="1.0" encoding="UTF-8"?>
<!DOCTYPE html PUBLIC "-//W3C//DTD XHTML 1.0 Transitional//EN"
    "http://www.w3.org/TR/xhtml1/DTD/xhtml1-transitional.dtd">
<html xmlns="http://www.w3.org/1999/xhtml" xml:lang="en" lang="en">
 <head>
  <title>
</title>
<meta http-equiv="Content-Type" content="text/html;charset=utf-8" />
  <meta name='ocr-system' content='tesseract 3.04.00' />
  <meta name='ocr-capabilities' content='ocr_page ocr_carea ocr_par ocr_line ocrx_word'/>
</head>
<body>
  <div class='ocr_page' id='page_1' title='image "./epistolae01plinuoft_0591.png"; bbox 0 0 1855 3200; ppageno 0'>
   <div class='ocr_carea' id='block_1_1' title="bbox 627 924 1091 970">
    <p class='ocr_par' dir='ltr' id='par_1_1' title="bbox 627 924 1091 970">
     <span class='ocr_line' id='line_1_1' title="bbox 627 924 1091 970; baseline 0.004 -2"><span class='ocrx_word' id='word_1_1' title='bbox 627 924 814 969; x_wconf 70' lang='lat' dir='ltr'><strong>Liber</strong></span> <span class='ocrx_word' id='word_1_2' title='bbox 851 924 1091 970; x_wconf 71' lang='lat' dir='ltr'><strong>Nonus.</strong></span> 
     </span>
    </p>
   </div>
   <div class='ocr_carea' id='block_1_2' title="bbox 741 1041 931 1049">
    <p class='ocr_par' dir='ltr' id='par_1_2' title="bbox 741 1041 931 1049">
     <span class='ocr_line' id='line_1_2' title="bbox 741 1041 931 1049; baseline 0 2151"><span class='ocrx_word' id='word_1_3' title='bbox 741 1041 931 1049; x_wconf 95' lang='lat' dir='ltr'><strong> </strong></span> 
     </span>
    </p>
   </div>
   <div class='ocr_carea' id='block_1_3' title="bbox 463 1126 1243 1283">
    <p class='ocr_par' dir='ltr' id='par_1_3' title="bbox 463 1126 1243 1283">
     <span class='ocr_line' id='line_1_3' title="bbox 826 1126 877 1168; baseline -0.059 0"><span class='ocrx_word' id='word_1_4' title='bbox 826 1126 877 1168; x_wconf 87' lang='lat' dir='ltr'><strong>I.</strong></span> 
     </span>
     <span class='ocr_line' id='line_1_4' title="bbox 463 1233 1243 1283; baseline -0.001 0"><span class='ocrx_word' id='word_1_5' title='bbox 463 1234 516 1283; x_wconf 81' lang='lat' dir='ltr'><strong>C.</strong></span> <span class='ocrx_word' id='word_1_6' title='bbox 554 1234 743 1282; x_wconf 77' lang='lat' dir='ltr'><em>Plinius</em></span> <span class='ocrx_word' id='word_1_7' title='bbox 777 1234 1009 1283; x_wconf 69' lang='lat' dir='ltr'><strong>Maoeimo</strong></span> <span class='ocrx_word' id='word_1_8' title='bbox 1043 1233 1152 1282; x_wconf 83' lang='lat' dir='ltr'><strong>Suo</strong></span> <span class='ocrx_word' id='word_1_9' title='bbox 1187 1233 1243 1283; x_wconf 83' lang='lat' dir='ltr'><strong>S.</strong></span> 
     </span>
    </p>
   </div>
   <div class='ocr_carea' id='block_1_4' title="bbox 119 1340 1670 1931">
    <p class='ocr_par' dir='ltr' id='par_1_4' title="bbox 119 1340 1670 1931">
     <span class='ocr_line' id='line_1_5' title="bbox 251 1340 1664 1399; baseline 0.001 -15"><span class='ocrx_word' id='word_1_10' title='bbox 251 1341 400 1397; x_wconf 84' lang='lat' dir='ltr'><strong>Saepe</strong></span> <span class='ocrx_word' id='word_1_11' title='bbox 435 1344 478 1383; x_wconf 88' lang='lat' dir='ltr'><strong>te</strong></span> <span class='ocrx_word' id='word_1_12' title='bbox 513 1342 668 1398; x_wconf 77' lang='lat' dir='ltr'><strong>monui,</strong></span> <span class='ocrx_word' id='word_1_13' title='bbox 704 1345 748 1382; x_wconf 86' lang='lat' dir='ltr'><strong>ut</strong></span> <span class='ocrx_word' id='word_1_14' title='bbox 783 1340 942 1398; x_wconf 78' lang='lat' dir='ltr'><strong>libros,</strong></span> <span class='ocrx_word' id='word_1_15' title='bbox 980 1353 1087 1396; x_wconf 89' lang='lat' dir='ltr'><strong>quos</strong></span> <span class='ocrx_word' id='word_1_16' title='bbox 1125 1341 1198 1384; x_wconf 88' lang='lat' dir='ltr'><strong>vel</strong></span> <span class='ocrx_word' id='word_1_17' title='bbox 1234 1354 1311 1397; x_wconf 84' lang='lat' dir='ltr'><strong>pro</strong></span> <span class='ocrx_word' id='word_1_18' title='bbox 1348 1345 1407 1399; x_wconf 78' lang='lat' dir='ltr'><strong>te,</strong></span> <span class='ocrx_word' id='word_1_19' title='bbox 1444 1342 1517 1385; x_wconf 83' lang='lat' dir='ltr'><strong>vel</strong></span> <span class='ocrx_word' id='word_1_20' title='bbox 1552 1343 1598 1386; x_wconf 91' lang='lat' dir='ltr'><strong>in</strong></span> <span class='ocrx_word' id='word_1_21' title='bbox 1641 1357 1664 1392; x_wconf 90' lang='lat'>1</span> 
     </span>
     <span class='ocr_line' id='line_1_6' title="bbox 119 1408 1600 1464; baseline 0 -11"><span class='ocrx_word' id='word_1_22' title='bbox 119 1411 339 1460; x_wconf 75' lang='lat' dir='ltr'><strong>Plantam,</strong></span> <span class='ocrx_word' id='word_1_23' title='bbox 384 1409 508 1450; x_wconf 93' lang='lat' dir='ltr'><strong>immo</strong></span> <span class='ocrx_word' id='word_1_24' title='bbox 554 1412 598 1451; x_wconf 89' lang='lat' dir='ltr'><strong>et</strong></span> <span class='ocrx_word' id='word_1_25' title='bbox 640 1421 716 1464; x_wconf 82' lang='lat' dir='ltr'><strong>pro</strong></span> <span class='ocrx_word' id='word_1_26' title='bbox 754 1412 797 1451; x_wconf 91' lang='lat' dir='ltr'><strong>te</strong></span> <span class='ocrx_word' id='word_1_27' title='bbox 832 1411 877 1450; x_wconf 89' lang='lat' dir='ltr'><strong>et</strong></span> <span class='ocrx_word' id='word_1_28' title='bbox 910 1408 952 1449; x_wconf 91' lang='lat' dir='ltr'><strong>in</strong></span> <span class='ocrx_word' id='word_1_29' title='bbox 988 1408 1101 1450; x_wconf 89' lang='lat' dir='ltr'><strong>illum</strong></span> <span class='ocrx_word' id='word_1_30' title='bbox 1138 1408 1224 1464; x_wconf 82' lang='lat' dir='ltr'><strong>(ita</strong></span> <span class='ocrx_word' id='word_1_31' title='bbox 1268 1410 1378 1451; x_wconf 89' lang='lat' dir='ltr'><strong>enim</strong></span> <span class='ocrx_word' id='word_1_32' title='bbox 1422 1412 1600 1453; x_wconf 86' lang='lat' dir='ltr'><strong>materia</strong></span> 
     </span>
     <span class='ocr_line' id='line_1_7' title="bbox 119 1473 1601 1534; baseline -0.001 -13"><span class='ocrx_word' id='word_1_33' title='bbox 119 1473 334 1534; x_wconf 81' lang='lat' dir='ltr'><strong>cogebat]</strong></span> <span class='ocrx_word' id='word_1_34' title='bbox 371 1475 666 1530; x_wconf 80' lang='lat' dir='ltr'>composuisti,</span> <span class='ocrx_word' id='word_1_35' title='bbox 714 1487 838 1530; x_wconf 91' lang='lat' dir='ltr'><strong>quam</strong></span> <span class='ocrx_word' id='word_1_36' title='bbox 871 1475 1160 1517; x_wconf 76' lang='lat' dir='ltr'>maturissime</span> <span class='ocrx_word' id='word_1_37' title='bbox 1197 1476 1440 1519; x_wconf 79' lang='lat' dir='ltr'><strong>emitteres:</strong></span> <span class='ocrx_word' id='word_1_38' title='bbox 1486 1477 1601 1533; x_wconf 87' lang='lat' dir='ltr'><strong>quod</strong></span> 
     </span>
     <span class='ocr_line' id='line_1_8' title="bbox 121 1539 1600 1597; baseline 0.002 -13"><span class='ocrx_word' id='word_1_39' title='bbox 121 1555 233 1585; x_wconf 89' lang='lat' dir='ltr'><strong>nunc</strong></span> <span class='ocrx_word' id='word_1_40' title='bbox 267 1541 524 1597; x_wconf 77' lang='lat' dir='ltr'><strong>praecipue,</strong></span> <span class='ocrx_word' id='word_1_41' title='bbox 570 1546 705 1583; x_wconf 86' lang='lat' dir='ltr'><strong>morte</strong></span> <span class='ocrx_word' id='word_1_42' title='bbox 741 1544 836 1595; x_wconf 81' lang='lat' dir='ltr'><strong>eJus</strong></span> <span class='ocrx_word' id='word_1_43' title='bbox 879 1539 1044 1594; x_wconf 81' lang='lat' dir='ltr'><strong>audita,</strong></span> <span class='ocrx_word' id='word_1_44' title='bbox 1095 1546 1139 1584; x_wconf 90' lang='lat' dir='ltr'><strong>et</strong></span> <span class='ocrx_word' id='word_1_45' title='bbox 1175 1540 1320 1585; x_wconf 81' lang='lat' dir='ltr'><strong>hortor</strong></span> <span class='ocrx_word' id='word_1_46' title='bbox 1355 1548 1399 1586; x_wconf 91' lang='lat' dir='ltr'><strong>et</strong></span> <span class='ocrx_word' id='word_1_47' title='bbox 1432 1556 1600 1588; x_wconf 86' lang='lat' dir='ltr'><strong>moneo.</strong></span> 
     </span>
     <span class='ocr_line' id='line_1_9' title="bbox 122 1606 1669 1663; baseline 0.003 -14"><span class='ocrx_word' id='word_1_48' title='bbox 122 1608 330 1662; x_wconf 79' lang='lat' dir='ltr'><strong>Quamvis</strong></span> <span class='ocrx_word' id='word_1_49' title='bbox 366 1608 474 1649; x_wconf 90' lang='lat' dir='ltr'><strong>enim</strong></span> <span class='ocrx_word' id='word_1_50' title='bbox 510 1607 672 1661; x_wconf 86' lang='lat' dir='ltr'><strong>legeris</strong></span> <span class='ocrx_word' id='word_1_51' title='bbox 709 1608 872 1658; x_wconf 88' lang='lat' dir='ltr'><strong>multis,</strong></span> <span class='ocrx_word' id='word_1_52' title='bbox 915 1606 1211 1662; x_wconf 83' lang='lat' dir='ltr'><strong>legendosque</strong></span> <span class='ocrx_word' id='word_1_53' title='bbox 1257 1608 1456 1663; x_wconf 78' lang='lat' dir='ltr'><strong>dederis,</strong></span> <span class='ocrx_word' id='word_1_54' title='bbox 1503 1612 1600 1654; x_wconf 90' lang='lat' dir='ltr'><strong>nolo</strong></span> <span class='ocrx_word' id='word_1_55' title='bbox 1643 1622 1669 1659; x_wconf 75' lang='lat'><strong>2</strong></span> 
     </span>
     <span class='ocr_line' id='line_1_10' title="bbox 119 1672 1603 1732; baseline 0.001 -14"><span class='ocrx_word' id='word_1_56' title='bbox 119 1681 260 1718; x_wconf 87' lang='lat' dir='ltr'><strong>tamen</strong></span> <span class='ocrx_word' id='word_1_57' title='bbox 297 1685 545 1730; x_wconf 80' lang='lat' dir='ltr'><strong>quemquam</strong></span> <span class='ocrx_word' id='word_1_58' title='bbox 580 1673 761 1728; x_wconf 80' lang='lat' dir='ltr'><strong>opinari,</strong></span> <span class='ocrx_word' id='word_1_59' title='bbox 797 1672 998 1716; x_wconf 88' lang='lat' dir='ltr'><strong>defuncto</strong></span> <span class='ocrx_word' id='word_1_60' title='bbox 1034 1672 1200 1715; x_wconf 91' lang='lat' dir='ltr'><strong>demum</strong></span> <span class='ocrx_word' id='word_1_61' title='bbox 1218 1674 1459 1731; x_wconf 83' lang='lat' dir='ltr'><strong>inchoatos,</strong></span> <span class='ocrx_word' id='word_1_62' title='bbox 1494 1690 1603 1732; x_wconf 90' lang='lat' dir='ltr'><strong>quos</strong></span> 
     </span>
     <span class='ocr_line' id='line_1_11' title="bbox 123 1739 1670 1796; baseline 0.001 -12"><span class='ocrx_word' id='word_1_63' title='bbox 123 1741 320 1784; x_wconf 73' lang='lat' dir='ltr'><strong>Incolumi</strong></span> <span class='ocrx_word' id='word_1_64' title='bbox 366 1753 415 1783; x_wconf 89' lang='lat' dir='ltr'><strong>eo</strong></span> <span class='ocrx_word' id='word_1_65' title='bbox 461 1740 681 1796; x_wconf 80' lang='lat' dir='ltr'><strong>peregisti.</strong></span> <span class='ocrx_word' id='word_1_66' title='bbox 762 1739 901 1783; x_wconf 88' lang='lat' dir='ltr'><strong>Salva</strong></span> <span class='ocrx_word' id='word_1_67' title='bbox 946 1739 1005 1781; x_wconf 88' lang='lat' dir='ltr'><strong>sit</strong></span> <span class='ocrx_word' id='word_1_68' title='bbox 1047 1740 1122 1781; x_wconf 83' lang='lat' dir='ltr'><strong>tibi</strong></span> <span class='ocrx_word' id='word_1_69' title='bbox 1166 1742 1433 1784; x_wconf 82' lang='lat' dir='ltr'><strong>constantiae</strong></span> <span class='ocrx_word' id='word_1_70' title='bbox 1477 1743 1601 1786; x_wconf 89' lang='lat' dir='ltr'><strong>fama.</strong></span> <span class='ocrx_word' id='word_1_71' title='bbox 1643 1756 1670 1792; x_wconf 85' lang='lat'><strong>3</strong></span> 
     </span>
     <span class='ocr_line' id='line_1_12' title="bbox 124 1807 1604 1866; baseline 0.001 -16"><span class='ocrx_word' id='word_1_72' title='bbox 124 1808 221 1851; x_wconf 84' lang='lat' dir='ltr'><strong>Erit</strong></span> <span class='ocrx_word' id='word_1_73' title='bbox 257 1814 422 1859; x_wconf 87' lang='lat' dir='ltr'><strong>autem,</strong></span> <span class='ocrx_word' id='word_1_74' title='bbox 465 1808 501 1848; x_wconf 89' lang='lat' dir='ltr'><strong>si</strong></span> <span class='ocrx_word' id='word_1_75' title='bbox 537 1812 680 1849; x_wconf 91' lang='lat' dir='ltr'><strong>notum</strong></span> <span class='ocrx_word' id='word_1_76' title='bbox 724 1807 874 1863; x_wconf 83' lang='lat' dir='ltr'><strong>aequis</strong></span> <span class='ocrx_word' id='word_1_77' title='bbox 909 1807 1148 1863; x_wconf 89' lang='lat' dir='ltr'><strong>iniquisque</strong></span> <span class='ocrx_word' id='word_1_78' title='bbox 1184 1807 1328 1862; x_wconf 81' lang='lat' dir='ltr'><strong>fuerit,</strong></span> <span class='ocrx_word' id='word_1_79' title='bbox 1377 1822 1459 1851; x_wconf 90' lang='lat' dir='ltr'><strong>non</strong></span> <span class='ocrx_word' id='word_1_80' title='bbox 1504 1814 1604 1866; x_wconf 86' lang='lat' dir='ltr'><strong>post</strong></span> 
     </span>
     <span class='ocr_line' id='line_1_13' title="bbox 123 1873 1602 1931; baseline 0.002 -14"><span class='ocrx_word' id='word_1_81' title='bbox 123 1876 275 1918; x_wconf 90' lang='lat' dir='ltr'><strong>inimici</strong></span> <span class='ocrx_word' id='word_1_82' title='bbox 322 1878 497 1917; x_wconf 86' lang='lat' dir='ltr'><strong>mortem</strong></span> <span class='ocrx_word' id='word_1_83' title='bbox 541 1873 752 1916; x_wconf 78' lang='lat' dir='ltr'><strong>scribendi</strong></span> <span class='ocrx_word' id='word_1_84' title='bbox 798 1875 872 1915; x_wconf 87' lang='lat' dir='ltr'><strong>tibi</strong></span> <span class='ocrx_word' id='word_1_85' title='bbox 915 1877 1058 1915; x_wconf 88' lang='lat' dir='ltr'><strong>natam</strong></span> <span class='ocrx_word' id='word_1_86' title='bbox 1104 1886 1207 1917; x_wconf 86' lang='lat' dir='ltr'><strong>esse</strong></span> <span class='ocrx_word' id='word_1_87' title='bbox 1250 1874 1469 1931; x_wconf 77' lang='lat' dir='ltr'><strong>fiduciam,</strong></span> <span class='ocrx_word' id='word_1_88' title='bbox 1524 1877 1602 1920; x_wconf 89' lang='lat' dir='ltr'><strong>sed</strong></span> 
     </span>
    </p>
   </div>
   <div class='ocr_carea' id='block_1_5' title="bbox 119 1939 1605 2050">
    <p class='ocr_par' dir='ltr' id='par_1_5' title="bbox 119 1939 1605 2050">
     <span class='ocr_line' id='line_1_14' title="bbox 119 1939 1605 1998; baseline 0.001 -14"><span class='ocrx_word' id='word_1_89' title='bbox 119 1944 209 1997; x_wconf 88' lang='lat' dir='ltr'><strong>jam</strong></span> <span class='ocrx_word' id='word_1_90' title='bbox 245 1945 437 1998; x_wconf 85' lang='lat' dir='ltr'><strong>paratam</strong></span> <span class='ocrx_word' id='word_1_91' title='bbox 470 1939 697 1984; x_wconf 88' lang='lat' dir='ltr'><strong>editionem</strong></span> <span class='ocrx_word' id='word_1_92' title='bbox 732 1945 870 1984; x_wconf 84' lang='lat' dir='ltr'><strong>morte</strong></span> <span class='ocrx_word' id='word_1_93' title='bbox 904 1945 1198 1996; x_wconf 84' lang='lat' dir='ltr'><strong>praeventam.</strong></span> <span class='ocrx_word' id='word_1_94' title='bbox 1269 1941 1404 1986; x_wconf 86' lang='lat' dir='ltr'><strong>Simul</strong></span> <span class='ocrx_word' id='word_1_95' title='bbox 1443 1944 1605 1987; x_wconf 86' lang='lat' dir='ltr'><strong>vitabis</strong></span> 
     </span>
     <span class='ocr_line' id='line_1_15' title="bbox 126 2008 259 2050; baseline 0 0"><span class='ocrx_word' id='word_1_96' title='bbox 126 2008 259 2050; x_wconf 88' lang='lat' dir='ltr'><strong>illud:</strong></span> 
     </span>
    </p>
   </div>
   <div class='ocr_carea' id='block_1_6' title="bbox 329 2068 920 2134">
    <p class='ocr_par' dir='ltr' id='par_1_6' title="bbox 329 2068 920 2134">
     <span class='ocr_line' id='line_1_16' title="bbox 329 2068 920 2134; baseline -0.002 -20"><span class='ocrx_word' id='word_1_97' title='bbox 329 2069 415 2130; x_wconf 85' lang='grc' dir='ltr'><strong>οὐχ</strong></span> <span class='ocrx_word' id='word_1_98' title='bbox 452 2068 561 2133; x_wconf 83' lang='grc' dir='ltr'>ὁσίη</span> <span class='ocrx_word' id='word_1_99' title='bbox 597 2070 920 2134; x_wconf 69' lang='grc' dir='ltr'><strong>φθιμένοισιν.</strong></span> 
     </span>
    </p>
   </div>
   <div class='ocr_carea' id='block_1_7' title="bbox 221 2246 733 2289">
    <p class='ocr_par' dir='ltr' id='par_1_7' title="bbox 221 2246 733 2289">
     <span class='ocr_line' id='line_1_17' title="bbox 221 2246 733 2289; baseline 0.002 -10"><span class='ocrx_word' id='word_1_100' title='bbox 221 2246 261 2280; x_wconf 91' lang='lat'><strong>1.</strong></span> <span class='ocrx_word' id='word_1_101' title='bbox 289 2247 472 2285; x_wconf 77' lang='lat' dir='ltr'><strong>Maoez&#39;mo]</strong></span> <span class='ocrx_word' id='word_1_102' title='bbox 496 2256 525 2278; x_wconf 83' lang='lat' dir='ltr'><strong>s.</strong></span> <span class='ocrx_word' id='word_1_103' title='bbox 553 2257 597 2280; x_wconf 92' lang='lat' dir='ltr'><strong>zu</strong></span> <span class='ocrx_word' id='word_1_104' title='bbox 621 2249 653 2289; x_wconf 83' lang='lat'><strong>2,</strong></span> <span class='ocrx_word' id='word_1_105' title='bbox 678 2249 733 2280; x_wconf 75' lang='lat'><strong>14.</strong></span> 
     </span>
    </p>
   </div>
   <div class='ocr_carea' id='block_1_8' title="bbox 130 2314 1609 2467">
    <p class='ocr_par' dir='ltr' id='par_1_8' title="bbox 130 2314 1609 2467">
     <span class='ocr_line' id='line_1_18' title="bbox 220 2314 1609 2357; baseline 0.004 -12"><span class='ocrx_word' id='word_1_106' title='bbox 220 2314 252 2345; x_wconf 92' lang='lat'><strong>1.</strong></span> <span class='ocrx_word' id='word_1_107' title='bbox 277 2321 367 2355; x_wconf 84' lang='lat' dir='ltr'><strong>quos</strong></span> <span class='ocrx_word' id='word_1_108' title='bbox 391 2330 434 2337; x_wconf 84' lang='lat'><strong>-—</strong></span> <span class='ocrx_word' id='word_1_109' title='bbox 457 2315 498 2346; x_wconf 83' lang='lat' dir='ltr'><strong>in</strong></span> <span class='ocrx_word' id='word_1_110' title='bbox 521 2315 649 2353; x_wconf 85' lang='lat' dir='ltr'><strong>illum]</strong></span> <span class='ocrx_word' id='word_1_111' title='bbox 676 2317 731 2346; x_wconf 90' lang='lat' dir='ltr'><strong>ein</strong></span> <span class='ocrx_word' id='word_1_112' title='bbox 756 2314 834 2345; x_wconf 88' lang='lat' dir='ltr'><strong>dem</strong></span> <span class='ocrx_word' id='word_1_113' title='bbox 852 2314 987 2345; x_wconf 84' lang='lat' dir='ltr'><strong>Plinius</strong></span> <span class='ocrx_word' id='word_1_114' title='bbox 1010 2314 1209 2347; x_wconf 79' lang='lat' dir='ltr'><strong>besonders</strong></span> <span class='ocrx_word' id='word_1_115' title='bbox 1233 2315 1405 2348; x_wconf 84' lang='lat' dir='ltr'><strong>beliebtes</strong></span> <span class='ocrx_word' id='word_1_116' title='bbox 1429 2317 1522 2357; x_wconf 83' lang='lat' dir='ltr'><strong>Spiel</strong></span> <span class='ocrx_word' id='word_1_117' title='bbox 1547 2320 1609 2350; x_wconf 77' lang='lat' dir='ltr'><strong>mit</strong></span> 
     </span>
     <span class='ocr_line' id='line_1_19' title="bbox 131 2369 1609 2411; baseline 0.002 -10"><span class='ocrx_word' id='word_1_118' title='bbox 131 2369 297 2409; x_wconf 76' lang='lat' dir='ltr'><strong>VVorten,</strong></span> <span class='ocrx_word' id='word_1_119' title='bbox 321 2370 377 2401; x_wconf 82' lang='lat' dir='ltr'><strong>bei</strong></span> <span class='ocrx_word' id='word_1_120' title='bbox 401 2370 574 2402; x_wconf 81' lang='lat' dir='ltr'><strong>welchem</strong></span> <span class='ocrx_word' id='word_1_121' title='bbox 597 2372 694 2402; x_wconf 79' lang='lat' dir='ltr'><strong>nicht</strong></span> <span class='ocrx_word' id='word_1_122' title='bbox 718 2370 885 2401; x_wconf 85' lang='lat' dir='ltr'><strong>allzuviel</strong></span> <span class='ocrx_word' id='word_1_123' title='bbox 910 2371 1195 2411; x_wconf 83' lang='lat' dir='ltr'><strong>herauskommt‚</strong></span> <span class='ocrx_word' id='word_1_124' title='bbox 1220 2371 1289 2402; x_wconf 83' lang='lat' dir='ltr'><strong>und</strong></span> <span class='ocrx_word' id='word_1_125' title='bbox 1314 2371 1377 2402; x_wconf 86' lang='lat' dir='ltr'><strong>das</strong></span> <span class='ocrx_word' id='word_1_126' title='bbox 1402 2373 1489 2403; x_wconf 84' lang='lat' dir='ltr'><strong>auch</strong></span> <span class='ocrx_word' id='word_1_127' title='bbox 1515 2371 1609 2404; x_wconf 86' lang='lat' dir='ltr'><strong>daun</strong></span> 
     </span>
     <span class='ocr_line' id='line_1_20' title="bbox 130 2426 1609 2467; baseline 0.003 -13"><span class='ocrx_word' id='word_1_128' title='bbox 130 2432 179 2454; x_wconf 87' lang='lat' dir='ltr'><strong>zu</strong></span> <span class='ocrx_word' id='word_1_129' title='bbox 203 2427 292 2455; x_wconf 82' lang='lat' dir='ltr'><strong>weit</strong></span> <span class='ocrx_word' id='word_1_130' title='bbox 318 2426 414 2465; x_wconf 83' lang='lat' dir='ltr'><strong>geht,</strong></span> <span class='ocrx_word' id='word_1_131' title='bbox 436 2433 544 2456; x_wconf 87' lang='lat' dir='ltr'><strong>wenn</strong></span> <span class='ocrx_word' id='word_1_132' title='bbox 569 2434 609 2457; x_wconf 87' lang='lat' dir='ltr'><strong>es</strong></span> <span class='ocrx_word' id='word_1_133' title='bbox 633 2427 807 2456; x_wconf 84' lang='lat' dir='ltr'><strong>Maximus</strong></span> <span class='ocrx_word' id='word_1_134' title='bbox 831 2427 942 2457; x_wconf 84' lang='lat' dir='ltr'><strong>selbst</strong></span> <span class='ocrx_word' id='word_1_135' title='bbox 966 2427 1074 2457; x_wconf 80' lang='lat' dir='ltr'><strong>durch</strong></span> <span class='ocrx_word' id='word_1_136' title='bbox 1099 2427 1155 2457; x_wconf 86' lang='lat' dir='ltr'><strong>die</strong></span> <span class='ocrx_word' id='word_1_137' title='bbox 1180 2426 1405 2467; x_wconf 82' lang='lat' dir='ltr'><strong>Bemerkung</strong></span> <span class='ocrx_word' id='word_1_138' title='bbox 1420 2449 1430 2466; x_wconf 90' lang='lat'>‚</span> <span class='ocrx_word' id='word_1_139' title='bbox 1456 2435 1497 2457; x_wconf 86' lang='lat' dir='ltr'><strong>er</strong></span> <span class='ocrx_word' id='word_1_140' title='bbox 1520 2428 1609 2459; x_wconf 83' lang='lat' dir='ltr'><strong>habe</strong></span> 
     </span>
    </p>
   </div>
   <div class='ocr_carea' id='block_1_9' title="bbox 132 2479 1610 2565">
    <p class='ocr_par' dir='ltr' id='par_1_9' title="bbox 132 2479 1610 2565">
     <span class='ocr_line' id='line_1_21' title="bbox 132 2479 1610 2521; baseline 0.002 -11"><span class='ocrx_word' id='word_1_141' title='bbox 132 2479 195 2510; x_wconf 84' lang='lat' dir='ltr'><strong>das</strong></span> <span class='ocrx_word' id='word_1_142' title='bbox 219 2479 336 2509; x_wconf 86' lang='lat' dir='ltr'><strong>Werk</strong></span> <span class='ocrx_word' id='word_1_143' title='bbox 360 2487 425 2510; x_wconf 88' lang='lat' dir='ltr'><strong>nur</strong></span> <span class='ocrx_word' id='word_1_144' title='bbox 449 2488 494 2509; x_wconf 90' lang='lat' dir='ltr'><strong>zu</strong></span> <span class='ocrx_word' id='word_1_145' title='bbox 519 2481 640 2512; x_wconf 85' lang='lat' dir='ltr'><strong>seiner</strong></span> <span class='ocrx_word' id='word_1_146' title='bbox 665 2480 960 2521; x_wconf 81' lang='lat' dir='ltr'><strong>Rechtfertigung</strong></span> <span class='ocrx_word' id='word_1_147' title='bbox 981 2481 1235 2521; x_wconf 81' lang='lat' dir='ltr'><strong>gesehrieben‚</strong></span> <span class='ocrx_word' id='word_1_148' title='bbox 1274 2481 1474 2513; x_wconf 81' lang='lat' dir='ltr'><strong>veranlasst</strong></span> <span class='ocrx_word' id='word_1_149' title='bbox 1499 2483 1610 2515; x_wconf 86' lang='lat' dir='ltr'><strong>haben</strong></span> 
     </span>
     <span class='ocr_line' id='line_1_22' title="bbox 133 2533 250 2565; baseline -0.017 -1"><span class='ocrx_word' id='word_1_150' title='bbox 133 2533 250 2565; x_wconf 85' lang='lat' dir='ltr'><strong>sollte.</strong></span> 
     </span>
    </p>
   </div>
   <div class='ocr_carea' id='block_1_10' title="bbox 137 2608 1610 2704">
    <p class='ocr_par' dir='ltr' id='par_1_10' title="bbox 137 2608 1610 2704">
     <span class='ocr_line' id='line_1_23' title="bbox 224 2608 1610 2655; baseline 0.006 -18"><span class='ocrx_word' id='word_1_151' title='bbox 224 2608 256 2638; x_wconf 77' lang='lat'><strong>2.</strong></span> <span class='ocrx_word' id='word_1_152' title='bbox 280 2608 473 2649; x_wconf 60' lang='lat' dir='ltr'><strong>peregisti]</strong></span> <span class='ocrx_word' id='word_1_153' title='bbox 500 2618 546 2635; x_wconf 91' lang='lat'><strong><em>=</em></strong></span> <span class='ocrx_word' id='word_1_154' title='bbox 568 2608 772 2651; x_wconf 81' lang='lat' dir='ltr'><strong>absolvisti,</strong></span> <span class='ocrx_word' id='word_1_155' title='bbox 795 2611 986 2652; x_wconf 77' lang='lat' dir='ltr'><strong>perfecisti</strong></span> <span class='ocrx_word' id='word_1_156' title='bbox 1011 2612 1055 2642; x_wconf 85' lang='lat' dir='ltr'><strong>im</strong></span> <span class='ocrx_word' id='word_1_157' title='bbox 1079 2610 1391 2652; x_wconf 75' lang='lat' dir='ltr'><strong>nacliclassischen</strong></span> <span class='ocrx_word' id='word_1_158' title='bbox 1415 2612 1610 2655; x_wconf 74' lang='lat' dir='ltr'><strong>Gom-auch,</strong></span> 
     </span>
     <span class='ocr_line' id='line_1_24' title="bbox 137 2663 569 2704; baseline 0.005 -11"><span class='ocrx_word' id='word_1_159' title='bbox 137 2663 171 2702; x_wconf 77' lang='lat'><strong>¹7,</strong></span> <span class='ocrx_word' id='word_1_160' title='bbox 194 2663 227 2702; x_wconf 88' lang='grc'><strong>9,</strong></span> <span class='ocrx_word' id='word_1_161' title='bbox 251 2664 283 2693; x_wconf 87' lang='grc'><strong>6.</strong></span> <span class='ocrx_word' id='word_1_162' title='bbox 308 2665 410 2694; x_wconf 83' lang='lat' dir='ltr'><strong>Mart.</strong></span> <span class='ocrx_word' id='word_1_163' title='bbox 436 2663 489 2704; x_wconf 92' lang='lat'><strong>11,</strong></span> <span class='ocrx_word' id='word_1_164' title='bbox 513 2664 569 2695; x_wconf 76' lang='lat'><strong>25.</strong></span> 
     </span>
    </p>
   </div>
   <div class='ocr_carea' id='block_1_11' title="bbox 0 2739 1612 2815">
    <p class='ocr_par' dir='ltr' id='par_1_11' title="bbox 0 2735 1612 2815">
     <span class='ocr_line' id='line_1_25' title="bbox 0 2739 1612 2815; baseline 0.006 -46"><span class='ocrx_word' id='word_1_165' title='bbox 0 2765 4 2815; x_wconf 31' lang='grc'>1</span> <span class='ocrx_word' id='word_1_166' title='bbox 225 2740 258 2770; x_wconf 84' lang='grc'><strong>3.</strong></span> <span class='ocrx_word' id='word_1_167' title='bbox 280 2740 516 2780; x_wconf 80' lang='lat' dir='ltr'><strong>praevenire]</strong></span> <span class='ocrx_word' id='word_1_168' title='bbox 542 2741 577 2771; x_wconf 92' lang='lat' dir='ltr'><strong>in</strong></span> <span class='ocrx_word' id='word_1_169' title='bbox 609 2740 673 2772; x_wconf 86' lang='lat' dir='ltr'><strong>der</strong></span> <span class='ocrx_word' id='word_1_170' title='bbox 697 2741 901 2782; x_wconf 79' lang='lat' dir='ltr'><strong>Bedeutung</strong></span> <span class='ocrx_word' id='word_1_171' title='bbox 932 2739 1279 2785; x_wconf 80' lang='lat' dir='ltr'><strong>‚‚zuvorkommen,</strong></span> <span class='ocrx_word' id='word_1_172' title='bbox 1309 2742 1531 2785; x_wconf 81' lang='lat' dir='ltr'><strong>occupare“</strong></span> <span class='ocrx_word' id='word_1_173' title='bbox 1565 2747 1612 2778; x_wconf 78' lang='lat' dir='ltr'><strong>ist</strong></span> 
     </span>
    </p>
   </div>
   <div class='ocr_carea' id='block_1_12' title="bbox 136 2794 1613 2890">
    <p class='ocr_par' dir='ltr' id='par_1_12' title="bbox 136 2794 1613 2890">
     <span class='ocr_line' id='line_1_26' title="bbox 136 2794 1613 2839; baseline 0.004 -13"><span class='ocrx_word' id='word_1_174' title='bbox 136 2795 423 2834; x_wconf 84' lang='lat' dir='ltr'><strong>nachclassisch‚</strong></span> <span class='ocrx_word' id='word_1_175' title='bbox 447 2794 573 2826; x_wconf 83' lang='lat' dir='ltr'><strong>Justin.</strong></span> <span class='ocrx_word' id='word_1_176' title='bbox 597 2794 652 2835; x_wconf 80' lang='lat'><strong>21,</strong></span> <span class='ocrx_word' id='word_1_177' title='bbox 675 2795 708 2827; x_wconf 86' lang='lat'><strong>4.</strong></span> <span class='ocrx_word' id='word_1_178' title='bbox 744 2796 855 2827; x_wconf 81' lang='lat' dir='ltr'><strong>Tacit.</strong></span> <span class='ocrx_word' id='word_1_179' title='bbox 880 2796 973 2828; x_wconf 77' lang='lat' dir='ltr'><strong>nist.</strong></span> <span class='ocrx_word' id='word_1_180' title='bbox 997 2795 1029 2835; x_wconf 87' lang='lat'><strong>1,</strong></span> <span class='ocrx_word' id='word_1_181' title='bbox 1053 2798 1086 2828; x_wconf 87' lang='lat'><strong>5.</strong></span> <span class='ocrx_word' id='word_1_182' title='bbox 1117 2797 1212 2830; x_wconf 83' lang='lat' dir='ltr'><strong>Flor.</strong></span> <span class='ocrx_word' id='word_1_183' title='bbox 1237 2798 1270 2839; x_wconf 87' lang='grc'><strong>3,</strong></span> <span class='ocrx_word' id='word_1_184' title='bbox 1293 2799 1326 2830; x_wconf 88' lang='grc'><strong>5.</strong></span> <span class='ocrx_word' id='word_1_185' title='bbox 1383 2799 1479 2832; x_wconf 86' lang='lat' dir='ltr'><strong>Doch</strong></span> <span class='ocrx_word' id='word_1_186' title='bbox 1505 2802 1613 2833; x_wconf 84' lang='lat' dir='ltr'><strong>kennt</strong></span> 
     </span>
     <span class='ocr_line' id='line_1_27' title="bbox 137 2850 662 2890; baseline 0.002 -10"><span class='ocrx_word' id='word_1_187' title='bbox 137 2856 177 2881; x_wconf 86' lang='lat' dir='ltr'><strong>es</strong></span> <span class='ocrx_word' id='word_1_188' title='bbox 201 2850 312 2882; x_wconf 78' lang='lat' dir='ltr'><strong>sehon</strong></span> <span class='ocrx_word' id='word_1_189' title='bbox 334 2850 475 2881; x_wconf 82' lang='lat' dir='ltr'><strong>Sallust.</strong></span> <span class='ocrx_word' id='word_1_190' title='bbox 500 2850 581 2890; x_wconf 79' lang='lat' dir='ltr'><strong>Jug.</strong></span> <span class='ocrx_word' id='word_1_191' title='bbox 604 2851 662 2882; x_wconf 78' lang='lat'><strong>22.</strong></span> 
     </span>
    </p>
   </div>
   <div class='ocr_carea' id='block_1_13' title="bbox 226 2913 1613 2960">
    <p class='ocr_par' dir='ltr' id='par_1_13' title="bbox 226 2913 1613 2960">
     <span class='ocr_line' id='line_1_28' title="bbox 226 2913 1613 2960; baseline 0.004 -14"><span class='ocrx_word' id='word_1_192' title='bbox 226 2913 287 2955; x_wconf 69' lang='grc' dir='ltr'><strong>οὐχ</strong></span> <span class='ocrx_word' id='word_1_193' title='bbox 310 2913 406 2956; x_wconf 75' lang='grc' dir='ltr'>ὁσίη]</span> <span class='ocrx_word' id='word_1_194' title='bbox 444 2915 581 2947; x_wconf 84' lang='lat' dir='ltr'><strong>Plinius</strong></span> <span class='ocrx_word' id='word_1_195' title='bbox 614 2916 729 2949; x_wconf 80' lang='lat' dir='ltr'><strong>beruft</strong></span> <span class='ocrx_word' id='word_1_196' title='bbox 758 2917 829 2948; x_wconf 87' lang='lat' dir='ltr'><strong>sich</strong></span> <span class='ocrx_word' id='word_1_197' title='bbox 863 2917 927 2949; x_wconf 78' lang='lat' dir='ltr'><strong>auf</strong></span> <span class='ocrx_word' id='word_1_198' title='bbox 953 2918 1051 2950; x_wconf 69' lang='lat' dir='ltr'><strong>Hom,</strong></span> <span class='ocrx_word' id='word_1_199' title='bbox 1084 2918 1148 2951; x_wconf 83' lang='lat' dir='ltr'><strong>od.</strong></span> <span class='ocrx_word' id='word_1_200' title='bbox 1174 2919 1229 2960; x_wconf 77' lang='lat'><strong>22,</strong></span> <span class='ocrx_word' id='word_1_201' title='bbox 1253 2919 1332 2955; x_wconf 72' lang='lat'><strong>412.</strong></span> <span class='ocrx_word' id='word_1_202' title='bbox 1371 2921 1405 2952; x_wconf 86' lang='lat' dir='ltr'><strong>in</strong></span> <span class='ocrx_word' id='word_1_203' title='bbox 1438 2920 1613 2952; x_wconf 80' lang='lat' dir='ltr'><strong>welchem</strong></span> 
     </span>
    </p>
   </div>
   <div class='ocr_carea' id='block_1_14' title="bbox 0 2849 15 3200">
    <p class='ocr_par' dir='ltr' id='par_1_14' title="bbox 0 2849 15 3200">
     <span class='ocr_line' id='line_1_29' title="bbox 0 2849 15 3200; baseline 0 0"><span class='ocrx_word' id='word_1_204' title='bbox 0 2849 15 3200; x_wconf 95' lang='lat' dir='ltr'><strong> </strong></span> 
     </span>
    </p>
   </div>
  </div>
 </body>
</html>
