1855 3200
670 233 770 268 liber
801 242 939 269 nonus.
1444 234 1542 276 24¹

70 349 136 390 An
185 346 429 391 restrictius
476 346 701 388 arbitraris
751 360 829 403 per
875 347 1019 389 orbem
1066 350 1277 389 terrarum
1324 349 1550 403 legendum

67 415 187 469 dare,
223 414 467 456 duraturam
505 415 747 457 memoriam
783 414 864 471 sui,
903 427 1031 469 quam
1067 427 1149 455 uno
1185 414 1228 455 in
1267 415 1360 457 loro
1385 415 1551 457 duobus

67 482 296 526 versiculis
332 482 531 537 signare,
579 481 689 537 quod
727 476 922 524 feceris?
994 480 1256 537 Quamquam
1293 495 1376 523 non
1413 482 1549 527 habeo

67 551 332 606 propositum
369 549 486 590 illum
522 548 896 604 reprehendendi,
944 548 1023 591 sed
1059 549 1172 591 hunc
1206 548 1377 591 tuendi:
1427 553 1551 605 cujus

67 629 180 672 quae
214 621 362 673 potest
398 615 512 672 apud
548 621 590 658 te
619 617 779 671 justior
816 629 919 659 esse
955 616 1168 668 defensio,
1204 629 1330 672 quam
1365 630 1420 659 ex
1456 619 1552 660 col-

65 684 226 726 latione
251 686 362 738 ejus,
398 697 520 740 quem
542 678 823 740 praetulisti?
892 684 992 727 Meo
1015 683 1184 740 quidem
1213 682 1373 738 judicio
1399 690 1552 729 neuter

67 750 331 808 culpandus,
391 763 570 807 quorum
615 756 795 807 uterque
837 750 891 792 ad
939 751 1115 807 gloriam
1161 751 1252 806 pari
1300 751 1549 808 cupiditate,

66 817 245 862 diverso
281 819 448 872 itinere,
485 818 725 861 contendit:
762 819 888 876 alter,
927 817 1024 860 dum
1061 819 1224 874 expetit
1260 818 1428 860 debitos
1448 820 1552 860 titu-

65 885 160 944 los3
199 886 322 937 alter,
358 885 454 927 dum
492 885 655 929 mavult
690 885 834 929 videri
869 886 1165 928 contemsisse.
1240 885 1363 928 Vale.

743 1078 874 1130 XX.

409 1194 463 1243 C.
503 1195 691 1243 Plinius
740 1195 971 1244 Venatori
1003 1194 1110 1243 Suo
1146 1190 1200 1242 S.

200 1301 296 1342 Tua
333 1313 441 1344 vero
480 1301 662 1356 epistola
698 1305 817 1342 tanto
855 1300 950 1341 mihi
982 1300 1215 1355 jucundior
1252 1301 1353 1355 fuit,
1393 1306 1549 1356 quanto

66 1366 232 1422 longlar
267 1373 385 1425 erat,
424 1369 678 1424 praesertim
714 1380 806 1410 cum
845 1366 899 1410 de
935 1368 1090 1410 libellis
1125 1368 1232 1410 meis
1270 1371 1359 1409 tota
1395 1368 1552 1424 loque-

65 1438 208 1491 retur3
256 1448 364 1490 quos
410 1435 485 1476 tibi
528 1435 739 1490 voluptati
784 1448 886 1477 esse
932 1448 1015 1476 non
1059 1435 1215 1492 miror,
1274 1448 1367 1477 cum
1414 1436 1551 1476 omnia

67 1505 230 1555 nostra,
268 1501 446 1556 perinde
481 1513 533 1542 ac
570 1514 663 1556 nos,
701 1502 836 1544 ames.
908 1501 1011 1556 Ipse
1047 1516 1140 1543 cum
1178 1503 1357 1544 maxime
1394 1501 1552 1545 vinde-

66 1569 198 1621 mias,
235 1568 421 1621 graciles
458 1566 650 1621 quidem,
688 1568 909 1609 uberiores
946 1572 1111 1620 tamen,
1155 1580 1277 1622 quam
1316 1574 1550 1622 exspecta-

67 1647 237 1688 veram,
284 1634 468 1691 colligo3
518 1633 556 1673 si
592 1635 798 1688 colligere
834 1637 924 1685 est,
969 1646 1266 1688 nonnunquam
1315 1634 1552 1689 decerpere

67 1713 211 1755 uvam,
248 1701 453 1742 torculum
479 1700 685 1758 invisere„
715 1704 892 1754 gustare
912 1698 966 1741 de
989 1700 1081 1741 lacu
1105 1705 1299 1752 mustum,
1337 1701 1553 1756 obrepere

68 1768 269 1822 urbanis,
317 1768 389 1824 qui
436 1780 551 1809 nunc
596 1768 770 1809 rusticis
817 1771 1051 1823 praesunt,
1097 1780 1250 1823 meque
1296 1767 1473 1809 notariis
1509 1775 1550 1810 et

67 1836 299 1877 lectoribus
335 1835 612 1890 reliquerunt.
687 1834 806 1876 Vale.

157 2011 386 2049 restrictius]
422 2012 585 2044 bedeutet
610 2012 706 2043 hier:
740 2009 1125 2051 ‚,zuriick11altender“,
1158 2011 1273 2042 soviel
1298 2012 1371 2041 wie
1397 2011 1547 2042 vorber:

69 2066 226 2106 parcior
251 2068 287 2098 et
310 2068 487 2107 pressior.

158 2133 347 2173 leyendum
372 2133 481 2169 dare]
507 2132 602 2164 kann
629 2140 695 2164 nur
720 2135 823 2165 einen
848 2136 931 2165 Sinn
964 2133 1095 2171 haben,
1133 2139 1237 2162 wenn
1264 2138 1342 2161 man
1369 2132 1550 2168 anntmmt,

70 2189 154 2220 dass
179 2189 237 2219 die
261 2189 592 2229 angefiihrteStelle
618 2190 651 2218 in
676 2190 777 2220 einer
801 2190 929 2221 Schrift
953 2189 1015 2219 des
1032 2187 1194 2224 Cluvius,
1217 2186 1272 2216 die
1297 2194 1337 2216 er
1363 2187 1416 2216 ins
1432 2186 1550 2216 Publi-

66 2252 145 2275 cum
169 2245 353 2285 gebracht,
378 2245 561 2276 eutlialten
587 2252 676 2275 war.
724 2245 856 2275 Plinius
870 2245 956 2284 liegt
980 2244 1058 2274 hier
1082 2251 1148 2273 nur
1173 2242 1293 2279 daran,
1319 2241 1384 2271 den
1400 2240 1548 2280 Gegen—

67 2303 146 2331 satz
181 2300 363 2331 zwischen
394 2306 462 2341 per
486 2300 605 2331 orbem
631 2301 822 2331 terrarum
855 2300 921 2331 und
946 2306 1021 2330 uno
1046 2299 1083 2328 in
1117 2297 1195 2327 Ioco
1230 2296 1550 2332 hervorzuheben:

69 2359 170 2386 sonst
193 2355 329 2386 konnte
354 2364 393 2386 er
417 2356 506 2387 noch
533 2355 595 2386 auf
614 2355 676 2386 das
701 2354 803 2386 stark
836 2356 1091 2394 aufgetragene
1118 2351 1379 2392 Selbslgefiihl,
1412 2354 1484 2383 wie
1509 2360 1548 2383 es

69 2410 142 2442 sich
168 2408 366 2449 iiberhaupt
389 2411 489 2441 darin
514 2412 727 2449 ausspricbt,
752 2410 992 2441 aufmerksam
1020 2409 1177 2439 macheu.

158 2476 192 2506 7.
216 2478 460 2517 propositum]
498 2477 558 2506 hat
595 2477 712 2507 Krebs
746 2479 793 2508 im
831 2477 1083 2507 Antibarbarus
1118 2482 1185 2505 nur
1220 2474 1274 2504 bei
1306 2474 1444 2504 Seneca
1481 2474 1547 2505 und

69 2530 224 2562 Phiidrns
259 2531 311 2562 als
343 2533 549 2562 substantiv
585 2533 651 2563 und
685 2540 787 2562 zwar
819 2540 884 2562 nur
910 2533 943 2561 in
971 2530 1199 2569 Vei-bindnng
1223 2531 1284 2560 mit
1308 2530 1552 2561 Personalad-

64 2583 243 2626 jectiven‚
278 2587 350 2616 wie
384 2595 504 2624 meus,
537 2586 624 2617 tuus
648 2587 840 2626 gesunden,
879 2587 966 2617 doch
999 2587 1059 2617 hat
1092 2594 1132 2616 er
1158 2584 1258 2615 dabei
1285 2592 1416 2616 unsere
1440 2586 1550 2616 Stelle

68 2635 282 2681 iibersenen,
306 2650 365 2672 wo
392 2649 431 2672 es
460 2642 593 2672 Plinius
619 2642 750 2672 ebenso
775 2643 841 2672 und
866 2650 969 2672 zwar
993 2642 1084 2672 ohne
1105 2639 1213 2681 jenen
1234 2642 1364 2672 Zusatz
1391 2642 1548 2673 branclit.

69 2697 298 2738 propositum
323 2696 435 2727 habeo
460 2697 586 2736 gehfirt
614 2698 703 2727 auch
730 2704 796 2728 nur
821 2696 884 2728 der
909 2696 1216 2727 nachclassischen
1242 2697 1320 2728 Zeit
1343 2703 1399 2726 an.

159 2783 260 2816 XX.
286 2784 317 2815 1.
347 2784 427 2816 Tua
452 2785 557 2821 vero]
583 2793 612 2815 s,
639 2794 685 2815 zu
709 2786 741 2824 6,
770 2784 822 2824 12,
848 2785 877 2816 1.

157 2851 190 2880 2.
216 2850 340 2887 lacus]
365 2852 428 2883 der
451 2859 580 2891 grosse
607 2852 761 2890 Bottich,
783 2853 818 2882 in
843 2851 1005 2883 welchen
1031 2859 1095 2883 aus
1120 2852 1185 2883 der
1208 2852 1337 2883 Presse
1365 2851 1430 2881 der
1454 2851 1548 2880 Most

72 2907 215 2945 flbfl088‚
239 2905 339 2937 Ovid.
366 2906 459 2937 Fast.
487 2907 523 2946 4,
546 2906 623 2938 888.
650 2907 759 2938 Tacit.
786 2908 875 2938 Ann-
907 2906 957 2942 11,
981 2907 1036 2937 31.

114 2962 155 2991 ll.
1147 2963 1195 2996 16
