1855 3200
253 189 359 234 284
801 192 920 231 Plinii
949 193 1201 242 epistolarum

250 309 400 365 stimo,
438 312 483 350 ut
518 307 679 350 titulum
715 321 839 350 suum
874 308 1010 364 legat,
1056 311 1187 364 atque
1231 306 1460 352 identidem
1497 309 1734 367 interroget

250 390 315 435 se,
351 375 451 433 quid
487 375 676 431 coeperit
711 375 924 418 scribere:
980 374 1189 432 sciatque,
1227 376 1264 417 si
1296 377 1502 425 materiae
1538 378 1737 422 immora-

248 449 342 503 tur,
391 456 476 486 non
513 455 616 485 esse
650 442 848 500 longum3
896 442 1216 499 longissimum,
1265 444 1305 485 si
1339 444 1500 500 aliquid
1546 446 1736 489 arcessit

181 517 381 569 43atque
429 510 614 552 attrahit.
706 509 844 551 Vides
857 541 871 567 ,
929 513 1032 565 quot
1087 509 1291 552 versibus
1339 511 1579 571 Homerus,
1632 517 1737 570 quot

250 579 457 634 Virgilius
493 588 625 630 arma,
661 576 729 620 hic
746 577 940 634 Aeneae,
977 576 1160 619 Achillis
1182 578 1269 632 ille,
1306 577 1522 622 describat
1536 595 1553 622 ε-
1574 581 1734 625 -brevis

248 652 389 689 tamen
426 648 608 700 uterque
644 648 739 700 est,
775 645 871 701 quia
906 644 1036 698 facit,
1073 643 1186 701 quod
1221 646 1418 694 instituit.
1490 645 1652 706 Vides,
1692 652 1737 691 ut

246 714 411 755 Aratus
456 712 738 755 minutissima
783 713 911 756 etiam
957 712 1104 760 sidera
1143 718 1421 756 consectetur
1463 718 1506 756 et
1547 715 1734 771 colligat,

246 779 414 823 modum
449 784 592 824 tamen
628 785 793 826 servat.
863 781 962 823 Non
1000 780 1110 828 enim
1146 792 1359 824 excursus
1394 780 1462 824 hic
1498 783 1617 839 ejus,
1655 782 1735 825 sed

179 855 233 892 44
247 862 358 905 opus
394 849 531 905 ipsum
567 852 649 890 est.
721 847 929 891 Similiter
964 862 1070 901 nos,
1105 853 1182 903 „ut
1215 861 1358 905 parva
1392 849 1605 905 magnis“‚
1643 862 1737 898 cum

245 920 374 959 totam
421 917 566 960 villam
616 916 751 958 oculis
786 916 871 965 tuis
905 916 1123 972 subjicere
1158 929 1385 974 conamur,
1434 917 1472 958 si
1518 916 1625 961 nihil
1668 917 1737 959 in-

245 983 416 1028 ductum
463 989 505 1027 et
552 984 674 1040 quasi
720 982 916 1043 devium,
965 985 1200 1041 loquimur,
1243 997 1327 1027 non
1371 984 1578 1043 epistola,
1624 996 1737 1041 quae

246 1051 470 1110 describit,
508 1051 591 1095 sed
627 1052 744 1106 villa,
779 1065 891 1109 quae
926 1052 1201 1111 describitur,
1238 1064 1394 1108 magna
1417 1056 1501 1096 est.
1571 1051 1735 1095 Verum

245 1120 366 1177 illuc,
405 1118 520 1163 unde
556 1120 703 1176 coepi,
741 1133 795 1163 ne
833 1120 1067 1164 secundum
1101 1121 1241 1178 legem
1277 1133 1413 1164 meam
1440 1122 1544 1176 jure
1579 1132 1733 1175 repre—

178 1187 425 1244 45hendar,
464 1187 503 1228 si
538 1188 707 1242 longior
742 1188 862 1231 suero
897 1188 941 1230 in
977 1188 1072 1240 hoc,
1109 1189 1148 1229 in
1186 1188 1296 1244 quod
1320 1187 1509 1230 excessi.
1580 1186 1732 1228 Habes

246 1267 455 1309 caussas,
509 1268 585 1297 cur
631 1268 712 1309 ego
761 1256 931 1298 Tuscos
983 1267 1104 1297 meos
1153 1255 1441 1312 TusculaniS,
1479 1253 1732 1311 Tiburtinis,

247 1322 637 1379 Praenestinisque
672 1323 776 1366 meis
810 1334 1089 1380 praeponam.
1159 1324 1272 1369 Nam
1309 1334 1442 1380 super
1476 1321 1574 1377 illa,
1610 1318 1735 1384 jquae

336 1544 392 1575 42.
417 1551 610 1576 arcessere
634 1544 703 1576 und
729 1544 944 1581 attrahere]
971 1544 1048 1576 hier
1069 1551 1142 1576 von
1168 1544 1246 1576 dem
1260 1543 1496 1580 Herbeiziehn
1521 1551 1593 1576 von
1617 1543 1734 1575 etwas

247 1601 528 1640 Fremdartigen‚
555 1609 632 1631 was
659 1602 754 1632 nicht
778 1609 843 1631 zur
857 1601 972 1632 Sache
996 1600 1132 1641 gehort.
1153 1617 1197 1623 —
1214 1600 1348 1632 Plinius
1372 1601 1543 1641 gestattet
1566 1598 1642 1632 also
1667 1605 1736 1630 nur

246 1658 279 1688 in
305 1657 440 1688 diesem
455 1657 554 1688 Falle
579 1659 659 1689 eine
684 1657 898 1689 fehlerhafte
912 1654 1234 1698 Ausfiihrlichkeit,
1258 1656 1399 1688 welche
1424 1655 1511 1688 aber
1528 1655 1735 1695 anei-dings,

246 1713 320 1743 wie
352 1713 472 1744 dieser
497 1714 595 1745 Brief
619 1714 731 1745 selbst
763 1722 808 1745 an
845 1714 944 1745 mehr
975 1714 1030 1745 als
1062 1713 1161 1745 einer
1184 1713 1294 1745 Stelle
1327 1713 1492 1754 beweist,
1525 1709 1735 1744 stattfinden

247 1769 355 1817 kann,
380 1769 499 1800 sohald
526 1770 589 1802 der
614 1770 805 1801 Verfasser
838 1769 1022 1801 allzusehr
1053 1771 1089 1801 in
1114 1769 1247 1801 Details
1272 1769 1417 1809 eingeht
1441 1766 1637 1809 (materiae
1660 1766 1734 1811 im·-

247 1822 451 1863 moratur).

337 1914 393 1945 43.
419 1912 627 1950 Homerus]
653 1913 693 1946 Il.
720 1915 752 1954 6,
776 1913 845 1945 473
868 1922 943 1954 sqq.

345 1980 540 2022 rit-ymas]
567 1983 654 2012 Aen.
678 1981 711 2022 Β,
737 1980 804 2012 620
829 1990 903 2021 sqq.

335 2069 395 2102 44.
420 2072 462 2102 ut
484 2077 608 2110 parva
632 2069 797 2110 maynis]
823 2069 918 2100 Nach
943 2067 1006 2100 der
1031 2069 1156 2102 Weise
1178 2070 1241 2102 der
1265 2069 1361 2101 alten
1376 2068 1649 2111 Schrlststeller,
1671 2068 1734 2102 hee.

248 2129 381 2160 kanute
404 2127 610 2157 Sentenzeu
636 2133 702 2156 nur
725 2125 930 2156 theilweise
955 2123 1197 2166 anzufiihrcn,
1227 2126 1274 2157 da
1291 2123 1398 2166 jeder
1431 2126 1485 2156 sie
1508 2132 1574 2155 aus
1597 2125 1734 2156 semem

248 2183 486 2215 Gediichtuiss
511 2180 693 2222 ergfinzen
718 2181 854 2212 konnte
879 2181 924 2223 (s.
949 2190 994 2212 zu
1021 2181 1055 2221 1,
1078 2181 1111 2222 2,
1122 2180 1172 2222 2),
1196 2181 1281 2212 fehlt
1305 2182 1391 2211 auch
1416 2181 1493 2210 hier
1516 2180 1605 2209 nach
1629 2178 1730 2219 Virg-

249 2241 324 2272 Ecl.
351 2239 441 2278 1,23
467 2244 760 2278 componamus..
787 2236 854 2267 Die
869 2234 1082 2276 Ergiiuzung
1100 2237 1135 2266 in
1160 2236 1302 2276 einigen
1316 2235 1469 2275 Ausgg.:
1494 2233 1732 2275 conferamus

249 2295 321 2326 und
352 2295 399 2324 im
431 2294 535 2334 Prag.
567 2303 600 2324 u.
635 2293 689 2325 ed.
719 2293 841 2324 Rom.:
873 2298 1133 2332 conyaeparemus
1164 2292 1244 2323 sind
1275 2299 1342 2323 nur
1374 2289 1628 2333 Erkliirungen
1669 2291 1733 2324 der

248 2350 494 2383 Abschreibcr.

337 2414 467 2449 verum
490 2415 602 2456 illuc,
633 2414 732 2447 unde
757 2415 878 2457 coepi]
903 2423 953 2447 sc.
979 2415 1169 2448 revertar.
1223 2413 1291 2445 Die
1318 2413 1438 2445 Verba
1468 2414 1545 2455 ire,
1577 2414 1731 2455 reverti,

248 2472 455 2516 proficisci,
479 2482 516 2505 se
539 2470 715 2512 conferre
738 2472 888 2503 werden
906 2473 1000 2504 nicht
1023 2471 1136 2503 selteu
1155 2478 1227 2502 von
1245 2469 1313 2501 den
1335 2469 1567 2501 lateinischen
1583 2469 1732 2501 Schrift-

249 2531 397 2567 etellern
421 2529 689 2572 weggelassen‚
714 2527 786 2563 Cic.
812 2527 911 2560 Fam.
938 2528 992 2570 16,
1017 2526 1069 2559 17.
1095 2528 1204 2559 Attic.
1230 2525 1294 2569 14,
1319 2525 1352 2557 1.
1377 2525 1517 2564 Quintil.
1543 2525 1576 2565 5,
1600 2524 1653 2564 12,
1677 2525 1732 2557 23.

342 2610 501 2645 eoecessz']
525 2608 616 2640 ivae
633 2606 708 2643 Cic.
732 2609 813 2639 eine
830 2605 1011 2647 diyressio
1029 2605 1264 2647 (παρέκβασις,
1289 2600 1586 2644 Abschweifung)
1605 2604 1739 2638 nannte,

254 2660 303 2701 (d.
328 2664 417 2692 orat.
443 2664 476 2702 3,
499 2663 570 2703 53),
594 2664 730 2704 vrurde,
757 2665 828 2696 wie
850 2663 992 2702 Quintil.
1017 2660 1263 2695 ausdriicklich
1287 2660 1451 2692 hemerkt
1487 2658 1534 2701 (3,
1559 2660 1594 2698 9,
1613 2657 1666 2698 4),Ι
1686 2665 1734 2689 zu

253 2718 374 2748 seiner
397 2717 478 2747 Zeit
500 2718 612 2750 lieber
635 2719 742 2751 durch
766 2727 939 2752 ecccessus
972 2719 1202 2758 bezeichnet,
1236 2717 1310 2748 wie
1343 2724 1383 2748 es
1413 2716 1501 2748 auch
1531 2716 1568 2746 in
1599 2720 1734 2745 unsern

253 2772 398 2804 Briesen
423 2772 475 2812 (9,
486 2772 548 2812 26,Ῑ
560 2775 597 2810 9)
622 2775 839 2809 vorkommt.
884 2776 1028 2819 Ebenso
1053 2773 1220 2807 bedeutet
1243 2770 1421 2805 eaecedere
1443 2771 1556 2802 sehon
1581 2769 1732 2801 beihiv.

253 2827 368 2867 29,ae
391 2827 448 2858 die
465 2827 632 2860 Grenzen
657 2829 797 2871 deszzen,
820 2838 901 2864 was
918 2836 999 2864 man
1023 2838 1069 2863 zu
1085 2836 1197 2872 sagon
1213 2830 1283 2869 hat,
1308 2825 1593 2866 iibersohreitem
1618 2823 1730 2865 vergi.

255 2883 369 2917 Tacit.
396 2884 487 2917 Anu.
511 2884 546 2926 2,
570 2883 623 2916 33.
650 2883 705 2926 15,
729 2883 786 2918 74.
824 2906 826 2908 v
