1855 3200
667 198 766 235 liber
795 200 944 234 sextus.
1509 193 1528 232 1
1543 192 1571 233 3

97 315 222 357 Hunc
270 325 351 369 ego
395 324 478 354 non
515 316 559 353 ut
603 312 744 365 multi,
793 310 869 354 sed
906 309 1145 352 arctissime
1180 307 1324 363 diligo,
1403 306 1576 364 Oppida
1617 321 1641 355 2

96 386 242 424 nostra
279 380 400 422 unius
447 377 531 421 diei
566 379 716 421 itinere
760 377 1032 420 dirimuntur:
1078 376 1162 432 ipsi
1196 387 1342 419 amare
1377 375 1577 427 invicem,

94 448 166 504 qui
188 451 255 489 est
275 446 632 501 flagrantissimus
668 458 799 501 amor,
836 444 1150 487 adolescentuli
1178 443 1408 498 coepimus.
1446 441 1576 484 Man-

93 516 148 557 sit
183 514 252 555 hio
286 517 463 569 postea,
500 526 578 556 nec
614 512 778 555 refrixit
805 511 989 566 judicio,
1028 510 1105 553 sed
1142 510 1338 553 invaluit.
1408 508 1577 562 Sciunt,

93 581 163 638 qui
199 581 452 623 alterutrum
487 586 674 622 nostrum
700 579 949 620 familiarius
985 580 1213 621 intuentur.
1283 578 1394 618 Nam
1430 580 1473 619 et
1506 577 1578 617 ille

83 648 316 691 ‚amicitiam
351 660 487 689 meam
524 646 728 688 latissima
765 644 1084 701 praedicatione
1121 644 1384 701 circumfert3
1423 647 1465 686 et
1494 655 1577 698 ego

92 726 200 771 prae
234 728 302 757 me
337 714 443 770 fero,
482 725 604 769 quam
642 714 698 754 sit
733 712 832 754 mihi
862 724 991 754 cui-ae
1012 711 1235 763 modestia,
1272 710 1409 765 quies,
1445 722 1578 753 secu-

93 782 200 824 ritas
246 783 354 836 ejus.
438 779 550 832 Quin
593 780 717 822 etiam
765 792 863 821 cum
907 779 1183 821 insolentiam
1226 776 1450 832 cujusdam
1497 777 1577 819 tri-
1617 786 1644 821 3

93 848 295 889 bunatum
349 846 489 903 plebis
536 846 679 888 inituri
728 850 957 889 vereretur
1003 844 1130 901 idque
1177 844 1413 888 indicasset
1462 843 1576 898 inihi,

91 913 320 969 respondi:

168 974 318 1033 Οὔτις
353 978 467 1036 ἐμεῦ
504 976 675 1033 ζῶντος
711 973 791 1022 καὶ
828 973 907 1022 ἐπὶ
937 971 1088 1035 χθονὶ
1123 975 1441 1038 δερκομένοιο,

159 1041 256 1089 Σοὶ
291 1044 453 1108 κοιλῃς
487 1039 622 1106 παρὰ
659 1041 801 1106 νηυσὶ
837 1042 1033 1107 βαρείας
1064 1048 1233 1105 χεῖρας
1267 1042 1463 1088 ἐποίσει.

93 1113 291 1167 Quorsus
327 1108 467 1156 haec?
539 1114 595 1155 Ut
630 1115 775 1165 sciaS,
812 1127 894 1155 non
930 1125 1065 1168 posse
1104 1113 1314 1166 Attilium,
1351 1125 1419 1154 me
1454 1112 1577 1154 inco-
1617 1121 1642 1156 4

91 1181 212 1238 lumi,
260 1180 456 1236 injuriam
503 1181 715 1235 accipere.
804 1181 964 1222 Iterum
1009 1178 1153 1235 dices,
1203 1192 1388 1234 quorsus
1432 1172 1577 1220 haec?

90 1247 251 1290 Debuit
306 1248 344 1290 ei
400 1248 623 1303 pecuniam
670 1247 872 1290 Valerius
920 1247 1085 1304 Varus3
1143 1245 1271 1300 huJus
1325 1250 1392 1288 est
1449 1245 1578 1287 heres

91 1314 304 1356 Maximus
340 1319 509 1368 noster,
557 1328 680 1370 quem
718 1319 761 1357 et
804 1316 898 1370 ipse
933 1326 1050 1366 amo,
1096 1311 1173 1355 sed
1211 1313 1479 1368 conjunctius
1516 1316 1575 1354 tu.

92 1381 215 1436 Rogo
264 1394 394 1436 ergo,
441 1383 567 1436 exigo
613 1382 738 1424 etiam
783 1395 860 1437 pro
898 1384 999 1437 Jure
1043 1380 1278 1433 amicitiae,
1334 1392 1485 1433 cures,
1533 1383 1577 1421 ut
1616 1385 1643 1423 5

95 1447 240 1488 Attilio
285 1460 378 1490 meo
425 1449 551 1490 salva
595 1449 651 1490 sit
695 1461 780 1491 non
825 1461 922 1503 sors
957 1447 1104 1500 modo,
1149 1447 1230 1490 sed
1275 1446 1401 1490 etiam
1444 1458 1577 1488 usura

94 1513 273 1567 plurium
309 1526 527 1556 annorum.
605 1515 743 1557 Homo
789 1520 857 1558 est
892 1516 1023 1558 alieni
1060 1514 1464 1568 abstinentissimus,
1509 1514 1576 1555 sui

181 1709 214 1739 2.
245 1709 438 1748 dirimere]
465 1718 534 1743 von
551 1711 915 1753 Ortsentfernungen:
942 1712 1051 1743 durch
1075 1712 1178 1741 einen
1195 1710 1422 1741 dazwischen
1439 1709 1578 1750 liegen-

90 1765 157 1796 den
181 1766 483 1805 zwischenraum‚
507 1766 540 1805 6,
564 1765 618 1805 16,
645 1766 697 1797 ll.
723 1767 852 1798 Lucan.
882 1766 936 1805 10,
960 1767 1037 1797 312.

184 1829 331 1871 Oppida
355 1832 505 1868 nostra]
531 1833 608 1863 sind
644 1833 737 1865 hier:
773 1834 829 1863 die
854 1833 940 1864 Orte
965 1840 1116 1864 unserer
1141 1832 1293 1870 Geburt‚
1324 1839 1366 1862 so
1391 1831 1424 1870 7,
1451 1831 1511 1871 22,
1534 1831 1577 1869 2;

90 1886 200 1917 daher
230 1887 389 1918 konnten
423 1889 476 1918 sie
508 1888 620 1919 sehon
652 1889 686 1918 iu
719 1887 845 1919 friiher
868 1889 1011 1929 Jugend
1047 1891 1210 1920 vertraut
1241 1887 1402 1919 werden.
1456 1888 1576 1920 Wenn

89 1943 161 1973 wir
177 1949 246 1972 von
272 1943 372 1973 einer
387 1943 565 1981 Inschrift,
589 1944 644 1974 die
669 1944 744 1974 sicii
770 1945 805 1974 in
826 1944 977 1975 Mailand
994 1945 1089 1985 fand,
1112 1944 1309 1976 schliessen
1325 1941 1478 1981 diirften‚
1495 1950 1578 1974 war

92 1995 271 2028 Crescens
297 1998 455 2030 daselbst
480 1999 649 2039 geboren.

181 2065 242 2103 qm·
267 2079 307 2084 —
335 2064 462 2100 amor]
491 2065 632 2098 bezieht
656 2064 728 2096 sich
754 2063 928 2097 natiirlich
953 2065 1016 2095 auf
1035 2064 1311 2096 adolescentuli.
1358 2065 1404 2095 Je
1425 2065 1577 2104 heftiger

96 2118 182 2149 aber
207 2120 262 2150 die
285 2119 452 2160 Neigung
478 2117 642 2151 friiherer
665 2120 794 2158 dabre,
827 2121 928 2152 desto
954 2121 1088 2151 onerer
1112 2120 1266 2151 erkaltet
1290 2120 1361 2160 sie,
1391 2127 1498 2150 wenn
1523 2120 1580 2149 die

92 2174 261 2212 rubigere
298 2174 546 2216 Ueberlegung
574 2173 661 2216 jene
695 2174 838 2207 friihere
871 2175 1186 2216 Ueberscliatzung
1210 2172 1332 2216 Liigen
1364 2183 1408 2205 zu
1441 2174 1577 2207 strasen

90 2230 238 2260 scheint.

180 2295 212 2325 3.
242 2293 366 2333 Οὖτις]
394 2298 494 2328 Hom.
509 2297 608 2328 Iliad.
627 2309 662 2336 a,
677 2297 732 2328 SS.
758 2297 797 2329 In
822 2299 988 2330 mehrern
1014 2298 1212 2329 Handschr.
1239 2297 1328 2328 auch
1353 2296 1416 2328 der
1439 2295 1576 2335 Prager

92 2351 183 2381 stelit
207 2351 285 2382 blos
309 2349 405 2388 οὔτις
428 2351 508 2391 ἐμεῦ
533 2351 667 2389 ζῶντος.
726 2356 772 2385 So
797 2363 884 2394 geru
918 2364 988 2386 nun
1012 2354 1083 2385 alte
1108 2352 1375 2384 Scliriftsteller
1399 2350 1576 2381 bekannte

92 2406 297 2438 Sentenzen
329 2416 396 2438 nur
427 2408 513 2438 nach
539 2408 605 2438 den
639 2411 762 2439 ersten
788 2409 944 2440 H'orten
969 2411 1116 2446 citiren‚
1152 2416 1192 2437 so
1225 2407 1362 2437 mochte
1394 2406 1453 2435 ich
1484 2405 1575 2436 doch

91 2462 187 2492 nicht.
211 2463 269 2491 mit
295 2461 444 2493 Scliiifer
468 2463 534 2492 und
559 2464 662 2494 Titze
688 2465 905 2501 annetnnen,
939 2465 1020 2494 dass
1053 2465 1123 2493 wir
1147 2463 1221 2492 hier
1245 2462 1300 2492 die
1333 2459 1575 2500 vollstiindige

92 2515 203 2545 Stelle
229 2524 294 2546 nur
318 2516 381 2545 der
405 2519 606 2557 unzeitigen
633 2517 916 2558 Geschtiftigkeit
947 2521 1046 2549 eines
1072 2517 1328 2548 Abschreibers
1354 2515 1574 2546 verdanken.

95 2567 237 2598 Gerade
262 2569 316 2598 bei
342 2571 442 2599 einer
466 2572 713 2609 griechischen
740 2573 853 2603 Stelie
878 2573 964 2613 liegt
989 2573 1052 2602 der
1074 2572 1253 2603 verdacht
1277 2572 1376 2611 nahe,
1402 2571 1486 2602 dass
1511 2569 1574 2602 der

93 2622 333 2653 Abschreibei·
366 2624 598 2658 (namentlicli
631 2626 696 2665 gilt
727 2626 818 2657 diess
851 2635 933 2657 voni
967 2627 1100 2667 Preger
1132 2626 1237 2664 Cod.)
1273 2628 1337 2658 das
1377 2625 1574 2668 miihselige

94 2677 261 2710 Geschiift
284 2675 471 2709 abkiirzte.
506 2680 552 2709 So
578 2681 775 2719 unpassend
797 2683 886 2712 auch
911 2683 988 2712 hier
1006 2682 1063 2712 die
1082 2682 1208 2714 hohlen
1224 2681 1351 2713 Schiffe
1375 2682 1577 2721 paradiren‚

94 2741 136 2763 so
170 2734 309 2764 mochte
342 2741 382 2764 es
417 2734 490 2764 sich
523 2733 612 2765 doeh
645 2733 708 2765 das
734 2736 895 2767 ziemlich
931 2738 1051 2769 stat-ke
1076 2735 1310 2778 selbstgeifini
1343 2737 1406 2768 des
1438 2737 1574 2768 Plinius

92 2787 198 2819 kaum
225 2796 425 2829 vei-Sagen,
449 2788 506 2819 die
530 2789 642 2822 Stelie
666 2790 882 2832 vollstiiudig
906 2792 1153 2824 herzusetzen.

182 2856 214 2885 5.
241 2854 341 2890 sors]
359 2855 532 2895 :caput
549 2856 744 2897 pecuniae,
769 2857 807 2888 in
833 2856 988 2896 foenore
1003 2860 1157 2901 positae,
1187 2861 1320 2897 vivum,
1345 2860 1407 2890 das
1423 2858 1572 2897 Capital.
