1855 3200
695 201 795 238 liber
824 200 1010 240 decimus.
1486 199 1589 244 345

112 330 202 362 rem
248 316 458 372 integram
504 314 558 357 ad
604 319 649 360 te
691 315 870 360 referre,
951 317 1062 359 Nam
1106 316 1217 360 sicut
1260 317 1470 360 mandatis
1508 320 1593 362 tuis
1633 324 1659 360 3

112 388 279 428 cautum
315 387 398 438 est,
435 396 492 426 ne
526 384 748 426 restituam
784 384 835 425 ab
873 384 956 426 alio
993 389 1065 428 aut
1101 396 1127 427 a
1161 397 1227 428 me
1267 386 1499 441 relegatOS,
1535 387 1594 429 ita

111 451 167 496 de
201 452 266 503 iis,
304 464 411 507 quos
447 451 557 493 alius
593 456 635 493 et
672 452 936 507 relegaverit
972 457 1014 495 et
1050 452 1302 510 restituerit,
1340 453 1439 496 nihil
1477 467 1594 496 coin-

61 534 63 537 *
110 519 369 576 prehensum
394 523 473 561 est.
545 517 648 561 Ideo
685 523 742 568 tu,
780 519 975 574 Domine,
1013 519 1308 563 consulendus
1328 521 1456 575 fuisti,
1494 521 1596 577 quid

112 587 352 629 observare
397 599 463 628 me
512 586 655 628 velles
700 592 782 628 tam
820 585 1017 639 hercule,
1063 600 1185 644 quam
1231 586 1286 630 de
1322 589 1397 641 iis,
1444 588 1516 644 qui
1553 589 1593 630 in

112 657 363 710 perpetuum
411 654 592 709 relegati
636 666 715 696 nec
758 655 945 697 restituti
991 655 1033 696 in
1082 655 1302 710 provincia
1345 655 1594 712 deprehen-

111 720 281 763 duntur.
351 722 461 763 Nam
498 721 605 763 haee
642 734 811 777 quoque
842 722 1014 777 species
1049 722 1197 765 incidit
1232 722 1274 764 in
1312 724 1593 779 cognitionem
1634 730 1661 767 4

111 801 259 832 meum.
328 786 413 830 Est
439 788 548 831 enim
585 787 797 831 adductus
834 787 889 831 ad
925 802 992 832 me
1028 790 1067 832 in
1103 794 1354 846 perpetuum
1375 790 1596 846 relegatus

110 856 276 899 aJulio
296 854 441 898 Basso
478 856 750 911 proconsule.
820 855 933 912 Ego,
971 858 1068 913 quia
1104 857 1307 912 sciebam,
1343 863 1440 900 acta
1464 858 1596 900 Bassi

112 924 304 969 rescissa
348 922 574 979 datumque
610 935 635 965 a
672 928 827 967 senatu
856 926 931 979 jus
968 925 1184 979 omnibus,
1232 923 1286 968 de
1329 925 1480 981 quibus
1525 925 1596 968 ille

111 990 268 1048 aliquid
325 991 646 1043 constituisset,
701 1003 756 1033 ex
803 991 970 1047 integro
1030 991 1188 1048 agendi
1243 991 1463 1035 dumtaxat
1517 1005 1595 1049 per

112 1059 339 1113 biennium,
378 1059 645 1113 interrogavi
680 1057 805 1113 hunc,
842 1072 966 1114 quem
1004 1060 1295 1116 relegaverat,
1332 1072 1386 1102 an
1409 1059 1596 1102 adiisset

111 1125 419 1182 docuissetque
464 1126 786 1181 proconsulem:
831 1127 1022 1181 negavit,
1105 1127 1192 1169 Per
1236 1126 1349 1182 quod
1397 1129 1595 1170 effectum
1635 1140 1662 1163 ο

113 1197 203 1248 est,
253 1197 297 1235 ut
332 1197 374 1235 te
410 1192 706 1246 consulerem,
743 1191 1008 1236 reddendum
1043 1207 1137 1237 eum
1172 1206 1340 1250 poenae
1377 1207 1505 1250 suae,
1541 1206 1594 1235 an

109 1260 290 1316 gravius
326 1258 497 1315 aliquid,
537 1262 580 1302 et
615 1258 714 1315 quid
750 1260 1011 1316 potissimum
1043 1260 1383 1303 constituendum
1419 1267 1595 1317 putares

113 1331 156 1370 et
198 1328 240 1369 in
290 1326 401 1370 hunc
447 1330 489 1370 et
534 1326 574 1368 in
621 1340 722 1376 θος,
771 1329 807 1369 si
850 1328 919 1384 qui
965 1328 1075 1371 forte
1112 1329 1151 1370 in
1188 1328 1310 1370 simili
1356 1328 1597 1372 conditione

202 1503 235 1533 3.
259 1502 464 1540 mandatis]
498 1501 574 1533 Deu
610 1504 644 1533 iu
675 1503 731 1534 die
762 1502 923 1534 Provlnz
959 1503 1184 1544 abgelienden
1219 1503 1388 1535 oben-steu
1415 1504 1596 1536 Beluiirden

113 1559 227 1599 gabea
253 1558 310 1589 die
336 1558 465 1589 Kaiser
490 1557 690 1589 besondere
714 1558 1224 1599 Vei-namingsmaassregeln,
1247 1560 1417 1591 wornach
1442 1561 1496 1591 sie
1521 1560 1594 1590 sicli

114 1616 150 1646 in
174 1613 479 1646 vorkommenden
501 1613 628 1645 Fz'illen
653 1622 698 1644 zu
722 1613 857 1645 ricliten
884 1614 1014 1644 hatten.

204 1682 280 1712 tam
305 1678 466 1719 hercule,
488 1688 595 1721 quam
619 1680 662 1711 de
686 1680 748 1717 iis]
776 1680 821 1710 Es
846 1687 926 1711 war
954 1680 1047 1711 wohl
1074 1688 1139 1711 nur
1163 1682 1221 1712 ein
1241 1681 1400 1712 Versucn
1426 1682 1489 1713 der
1505 1682 1596 1712 Aus-

113 1736 225 1778 gaben
261 1737 329 1768 seit
356 1736 485 1775 Aldus,
518 1737 597 1767 eine
627 1735 838 1767 scheinbare
865 1733 986 1767 Liicke
1024 1735 1267 1776 auszufiillen‚
1303 1744 1410 1768 weun
1442 1738 1496 1769 sie
1521 1738 1596 1769 tam

112 1792 258 1823 hercule
283 1791 325 1822 cle
349 1791 421 1832 leis,
453 1801 561 1833 quum
586 1792 628 1823 de
652 1791 729 1822 illis
754 1791 865 1822 lasen.
909 1790 1015 1822 Orelli
1049 1792 1233 1832 beliauptet
1269 1794 1327 1823 mit
1351 1793 1482 1832 Recht,
1514 1794 1596 1824 dass

112 1847 174 1878 der
207 1847 410 1887 Gegensatz
446 1856 490 1878 zu
522 1854 633 1887 quam
666 1846 708 1879 de
744 1847 790 1879 iis
822 1847 895 1877 sich
929 1847 1035 1878 leiclit
1071 1854 1135 1878 aus
1167 1848 1245 1879 dem
1272 1848 1595 1890 Vorhergehenden

111 1902 357 1933 liinzudenkeu
383 1904 492 1934 lasse.

205 1969 237 2000 4.
263 1979 286 2001 a
311 1969 415 2000 Julio
441 1970 574 2006 Basso]
611 1979 633 2001 a
659 1972 745 2001 slatt
769 1969 836 2011 ab,
874 1977 954 2000 was
979 1977 1058 2001 man
1097 1974 1281 2003 erwarten
1317 1970 1454 2004 konnte
1471 1993 1480 2010 ‚
1515 1972 1600 2003 ‹larf

114 2025 213 2056 nicht
237 2025 427 2064 auffallen,
452 2027 494 2056 da
518 2027 582 2057 del·
606 2026 962 2067 Anfaugsbuebstabe
987 2035 1056 2057 von
1081 2026 1206 2057 Julius
1231 2027 1302 2057 wie
1327 2029 1361 2057 iu
1388 2027 1503 2058 vielen
1528 2036 1596 2059 an-

115 2081 203 2112 dern
236 2082 391 2112 u‘orten
424 2082 478 2112 als
512 2081 720 2114 consonant
755 2083 942 2113 behandelt
974 2082 1118 2121 wurde‚
1150 2089 1192 2112 so
1219 2081 1293 2112 Cic.
1318 2082 1349 2112 d.
1376 2084 1465 2113 clar.
1491 2086 1597 2113 orant.

115 2136 172 2167 43.
197 2136 285 2166 Plin.
314 2137 353 2166 Η.
379 2135 420 2166 Ν.
446 2136 478 2174 6,
503 2136 557 2167 31.
584 2139 681 2168 suet.
706 2137 788 2168 Ner.
821 2138 876 2169 12.
901 2137 956 2169 17.
995 2137 1080 2168 doch
1114 2136 1248 2168 konnnt
1274 2137 1324 2168 oft
1347 2139 1434 2168 auch
1461 2138 1504 2168 ub
1533 2146 1599 2169 vor

113 2192 245 2223 diesem
272 2192 490 2222 Buclistabeu
525 2200 610 2232 vor,
649 2192 719 2223 und
752 2201 854 2224 zwar
888 2194 979 2224 ohne
1011 2194 1215 2224 Ausnalime
1249 2193 1305 2224 bei
1331 2193 1502 2225 §vumera
1534 2201 1597 2224 aus

117 2247 192 2278 dem
220 2246 490 2277 Griecliisclien.
550 2248 622 2279 Der
648 2247 767 2279 Grund
793 2249 849 2290 lag
873 2249 991 2280 dat-in.
1019 2249 1100 2280 dass
1126 2247 1151 2278 J
1177 2250 1210 2279 in
1236 2250 1367 2279 seinem
1394 2248 1481 2279 Laut
1505 2251 1598 2279 zwi-

118 2303 224 2334 sclien
249 2302 363 2333 Vocal
390 2303 456 2333 und
483 2302 688 2336 Consonant
712 2305 935 2336 schwaukte.

206 2368 413 2406 docuisset]
439 2371 724 2412 L'ebergetragen
752 2381 823 2403 von
848 2373 924 2403 dem
944 2372 1079 2411 Kliiger
1105 2372 1191 2403 oder
1211 2372 1412 2411 Beklagteu,
1440 2371 1597 2404 welche:-

116 2423 194 2455 dem
218 2424 513 2457 Rechtsbeistand
548 2429 667 2458 seinen
694 2429 850 2459 process
884 2427 1219 2459 auseinaudersetzt
1252 2427 1369 2466 (docet
1401 2427 1597 2465 caussam),

114 2479 322 2511 bezeiclinet
355 2480 489 2511 docere
524 2482 599 2513 hiei-
633 2485 689 2514 die
723 2484 925 2523 Darleguug
957 2484 1020 2513 der
1054 2483 1321 2521 Vei-liiiltnisse,
1355 2483 1493 2514 welche
1534 2483 1598 2514 der

116 2535 366 2566 Verurtheilte
403 2536 480 2566 dem
516 2537 711 2568 proconsul
745 2539 892 2578 bringeu
930 2542 1081 2577 nnusste,
1117 2547 1225 2569 weun
1263 2546 1303 2568 er
1341 2538 1393 2569 bei
1435 2539 1503 2570 ihm
1542 2548 1596 2570 um

116 2591 332 2631 Aeuderung
356 2591 419 2622 des
444 2592 693 2624 richterlicheu
721 2594 996 2625 Erizenntuisses
1022 2594 1250 2625 nachsuchlc.

208 2669 240 2698 5.
267 2677 334 2700 eos.
359 2669 389 2698 εἰ
413 2669 493 2709 qui]
521 2669 642 2709 Gierig
665 2674 843 2703 erwartet
867 2672 945 2702 hier
968 2671 1086 2711 alioS,
1112 2671 1155 2702 da
1179 2672 1209 2702 si
1232 2672 1293 2712 qui
1316 2672 1490 2709 audente,
1517 2673 1596 2704 dass

117 2731 156 2754 es
182 2724 270 2754 noch
295 2727 476 2764 ungewiss
501 2727 565 2763 sei,
591 2726 791 2758 obAudere
818 2730 852 2758 in
877 2727 1036 2766 gleicher
1057 2727 1154 2767 Lage
1177 2728 1252 2759 sich
1279 2726 1448 2758 befiudeu.
1497 2729 1594 2759 Docli

118 2778 245 2810 berlarf
265 2787 304 2810 es
329 2779 392 2810 der
420 2778 589 2811 Aushiilfe
614 2782 721 2821 nicht,
746 2783 790 2813 da
815 2789 875 2812 eos
899 2780 956 2813 fiir
982 2781 1075 2814 tales
1097 2784 1209 2821 steht3
1234 2784 1322 2815 auch
1348 2784 1480 2815 konute
1508 2784 1593 2814 Plin.

117 2835 308 2876 gleichsam
341 2837 579 2867 eventualiter
608 2837 680 2867 sicli
715 2838 838 2868 solche
862 2837 1048 2878 Soliuldige
1079 2838 1187 2869 sehon
1222 2838 1277 2870 als
1313 2839 1474 2870 wirklioh
1511 2847 1595 2869 vor-

119 2890 257 2922 handen
282 2891 432 2922 deuken.
