1855 3200
239 204 344 248 240
796 210 913 248 Plinii
944 211 1193 259 epistolarum

240 323 368 367 filiam
401 319 623 368 dubitem?
693 324 777 367 Est
811 324 979 381 quidem
1013 325 1114 367 mihi
1149 338 1243 369 cum
1276 326 1378 384 isto,
1415 332 1563 369 contra
1597 340 1721 385 quem

239 404 308 435 me
351 389 570 451 advocas,
625 406 708 435 non
754 393 885 449 plane
930 392 1171 445 familiaris,
1219 392 1298 435 sed
1343 397 1483 437 tamen
1526 395 1721 444 amicitia,

201 458 423 503 3Accedit
457 459 540 502 huc
576 458 765 515 dignitas
801 458 995 517 hominis,
1032 458 1086 501 ad
1123 459 1203 502 hoc
1237 460 1345 515 ipse,
1381 461 1448 503 eui
1483 460 1723 505 destinatus

241 529 331 581 est,
376 526 535 568 honor:
589 528 714 580 cujus
762 525 884 568 nobis
926 526 1007 569 hoc
1050 528 1184 581 major
1233 526 1429 570 habenda
1472 531 1722 573 reverentia

241 598 332 648 est,
369 592 483 649 quod
510 594 602 648 jam
636 593 709 635 illo
745 593 877 636 functi
913 605 1076 636 sumus.
1146 594 1357 637 Naturale
1392 599 1459 638 est
1494 597 1627 652 enim,
1676 601 1723 640 ut

241 673 309 717 ea,
347 672 457 716 quae
492 660 591 716 quis
625 659 811 717 adeptus
847 664 917 704 est
950 661 1070 719 ipse,
1107 672 1234 718 quam
1269 661 1532 718 amplissima
1567 664 1722 708 existi-

199 727 344 770 4mari
379 726 503 771 velit.
586 726 679 772 Sed
723 727 822 769 mihi
868 729 1095 784 cogitanti,
1143 727 1387 771 adfuturum
1431 743 1498 773 me
1546 727 1723 773 Corellii

237 794 371 848 filiae,
416 795 555 837 omnia
588 797 672 838 ista
707 793 861 851 frigida
897 799 941 839 et
974 796 1121 839 inania
1154 795 1371 840 videntur.
1452 795 1724 840 Obversatur

237 861 376 904 oculis
423 862 496 905 ille
540 864 635 921 vir,
692 876 773 919 quo
826 863 1037 907 neminem
1085 868 1209 907 aetas
1264 867 1413 906 nostra
1458 864 1721 922 graviorem,

236 930 517 980 sanctiorem,
552 930 818 974 subtiliorem
854 930 1038 988 denique
1073 932 1189 974 tulit:
1235 944 1363 988 quem
1398 944 1501 989 ego,
1537 944 1631 974 cum
1666 945 1722 975 ex

236 996 515 1041 admiratione
551 997 732 1055 diligere
769 999 1025 1059 coepissem,
1061 998 1173 1056 quod
1209 999 1388 1043 evenire
1427 1004 1576 1044 contra
1596 1000 1721 1055 solet,

196 1065 376 1120 5magis
412 1065 647 1109 admiratus
682 1079 790 1121 sum,
825 1070 1049 1123 postquam
1075 1067 1252 1124 penitus
1286 1067 1471 1125 inspexi.
1541 1068 1720 1124 Inspexi

239 1133 353 1175 enim
385 1134 580 1189 penitus:
617 1133 719 1176 nihil
757 1146 785 1175 a
817 1146 886 1177 me
921 1135 993 1178 ille
1013 1140 1243 1192 secretum,
1281 1148 1365 1178 non
1389 1136 1600 1190 J'oculare‚
1638 1146 1719 1176 non

199 1199 410 1253 esci-ium,
448 1213 532 1242 non
567 1201 704 1255 triste,
739 1213 824 1244 non
859 1202 1028 1244 laetum.
1098 1201 1466 1245 Adolescentulus
1502 1214 1641 1255 eram,
1677 1204 1721 1244 et

231 1268 321 1321 jam
365 1266 468 1309 mihi
502 1267 554 1309 ab
590 1269 662 1311 illo
698 1268 833 1311 honor
877 1273 1008 1325 atque
1053 1269 1179 1311 etiam
1215 1267 1411 1326 (audebo
1447 1268 1610 1322 dicere)
1647 1281 1721 1311 re-

236 1334 456 1394 verentia7
503 1338 549 1377 ut
582 1337 772 1395 aequali,
827 1336 1076 1382 habebatur.
1153 1337 1234 1381 Ille
1276 1350 1397 1380 meus
1443 1336 1486 1378 in
1521 1335 1721 1393 petendis

324 1507 548 1550 familiaris]
574 1513 630 1546 die
653 1515 783 1547 Lesart
806 1515 869 1547 der
893 1515 1017 1547 besten
1041 1514 1235 1546 Handschr.
1261 1512 1339 1546 fiir:
1360 1511 1634 1554 familiaritas,
1657 1513 1720 1544 das

235 1564 449 1597 schwerlich
473 1567 540 1599 den
564 1570 767 1608 superlativ
792 1579 859 1603 vor
883 1572 1051 1603 amicitia
1075 1570 1235 1612 ahgeben
1259 1568 1387 1601 diirfte.
1435 1569 1502 1601 Die
1524 1569 1723 1600 Redensart

235 1621 284 1652 ist
313 1629 408 1662 ganz
440 1623 520 1655 dem
552 1626 864 1666 Sprachgebrauch
897 1628 961 1659 des
992 1627 1127 1659 Plinius
1159 1634 1416 1668 angemessen‚
1449 1634 1479 1657 s.
1503 1633 1549 1657 zu
1570 1625 1606 1666 3,
1629 1623 1662 1660 4,
1685 1626 1718 1656 5.

232 1676 442 1718 familiaris
464 1680 608 1713 amicus
630 1682 740 1715 findet
764 1684 839 1715 sich
863 1684 953 1716 eben
977 1691 1021 1715 so
1049 1682 1139 1715 Geli.
1165 1683 1206 1714 N.
1230 1684 1272 1714 A.
1299 1683 1354 1725 15,
1376 1682 1432 1714 28.

324 1769 359 1799 3.
384 1767 435 1801 mi
461 1768 529 1801 hoc
551 1771 647 1812 ipse]
674 1780 716 1803 so
734 1773 862 1804 Medic.
885 1773 991 1813 Prag.
1015 1772 1072 1804 ed.
1087 1773 1188 1804 Rom.
1208 1773 1286 1804 Ber.
1312 1770 1391 1804 fiir:
1412 1773 1524 1814 atque
1546 1772 1604 1803 laic
1627 1770 1717 1812 ipse.

235 1823 286 1855 ad
299 1824 364 1855 hoc
377 1825 506 1864 geliiirt
529 1833 577 1857 zu
601 1828 669 1858 den
681 1826 1089 1868 Lieblingsausdriicken
1111 1828 1174 1858 des
1192 1828 1340 1867 Plinius,
1363 1829 1523 1859 welcher
1536 1830 1629 1859 trotz
1655 1825 1719 1858 des

237 1879 557 1920 vorhergelienden
601 1881 743 1913 accedit
790 1884 885 1914 nicht
930 1881 1140 1925 iiberfliissig
1175 1884 1365 1916 crscheint.
1434 1883 1533 1915 Auch
1571 1881 1720 1915 Schafer

236 1933 350 1975 billigt
373 1942 427 1966 es.

325 2011 359 2043 4.
385 2011 549 2054 friyz‘da]
574 2016 647 2047 wie
670 2013 812 2060 ψυχρός,
839 2024 908 2048 von
928 2016 1232 2058 unbedeutenden,
1256 2017 1551 2058 niclitssagenden
1567 2017 1720 2059 Dingen,

236 2067 294 2098 die
324 2068 408 2100 kein
437 2070 602 2102 Gewicht
624 2073 660 2103 in
692 2072 748 2103 die
774 2072 1011 2113 Wagschaale
1043 2073 1162 2114 legen.
1199 2074 1284 2106 Wie
1309 2074 1386 2106 hier
1419 2075 1479 2105 mit
1501 2074 1649 2114 inania,
1673 2075 1720 2106 ist

233 2121 421 2165 friyiclwn
444 2125 480 2156 in
505 2126 713 2159 demselben
735 2129 842 2160 §inne
864 2130 960 2160 suet.
987 2128 1060 2161 Cal.
1085 2130 1131 2160 26
1156 2130 1220 2161 mit
1243 2129 1318 2162 leve
1343 2130 1558 2161 verbunden.

323 2191 578 2231 subtiliorem]
605 2193 777 2235 Obgleich
801 2195 898 2226 diess
923 2196 1030 2228 §Vort
1054 2196 1257 2235 vielseitige
1282 2195 1534 2235 Bedeutungen
1557 2198 1627 2237 hat,
1651 2196 1718 2229 da-

235 2248 300 2279 her
323 2255 363 2279 es
388 2249 468 2279 hier
489 2250 637 2281 manche
661 2247 736 2281 fiir.-
761 2251 1043 2291 „gewissenhaft
1064 2252 1099 2282 in
1113 2250 1302 2291 Erfiillung
1315 2252 1435 2283 seiner
1447 2252 1581 2292 michi,
1603 2252 1717 2284 selbst

234 2305 272 2336 in
295 2302 590 2345 Kleinigkeiten“
614 2305 804 2345 edistii-en,
829 2314 871 2337 so
896 2305 1015 2338 diirfte
1037 2307 1127 2338 doch
1151 2307 1208 2338 die
1231 2307 1494 2348 Vergleiclmng
1518 2309 1580 2339 mit
1607 2307 1639 2348 1,
1660 2308 1718 2347 22,

236 2359 255 2392 1
280 2368 315 2391 u.
339 2361 374 2401 2,
397 2361 430 2400 9,
453 2362 488 2392 3.
512 2368 574 2392 wo
597 2361 732 2393 doctus
755 2363 811 2393 die
837 2363 947 2394 Stelle
970 2364 1126 2403 vertritt,
1149 2363 1265 2394 zumal
1290 2363 1332 2394 da
1351 2362 1532 2394 Corellius
1554 2364 1642 2395 auch
1665 2363 1718 2394 als

234 2415 549 2459 Rechtskundiger
570 2418 645 2449 sich
672 2419 893 2459 hervorthat‚
917 2419 995 2450 hier
1018 2418 1270 2450 entscheidend
1294 2420 1384 2460 sein,
1406 2426 1448 2450 so
1470 2419 1553 2450 dass
1573 2425 1654 2450 man
1679 2427 1718 2451 es

235 2478 304 2502 nur
328 2471 404 2504 fiir:
433 2474 775 2514 „wissenschaftlich
800 2473 978 2516 gebildet“
1000 2475 1149 2506 nehmen
1174 2474 1281 2506 kann.

330 2549 363 2579 6.
386 2552 633 2584 reverentiam
658 2552 773 2585 alicui
796 2552 949 2591 habere]
974 2553 1101 2595 gelitirt
1124 2560 1189 2584 nur
1213 2553 1277 2584 der
1300 2551 1445 2593 spiitern
1464 2550 1637 2584 Latinitiit
1659 2559 1718 2582 an.

328 2616 464 2646 audebo
490 2617 631 2657 dicere]
656 2620 789 2652 Plinius
813 2621 947 2653 konnte
979 2630 1033 2652 am
1057 2622 1257 2661 wenigsteu
1286 2620 1339 2651 als
1358 2617 1489 2662 junget
1513 2620 1622 2651 Manu
1648 2627 1717 2650 von

237 2670 351 2701 einem
377 2669 512 2703 iilteren
532 2672 617 2713 jene
648 2680 747 2707 zarte
773 2676 962 2709 Riicksicht
994 2676 1059 2708 und
1086 2677 1202 2708 Scheu
1226 2680 1432 2716 erwarten,
1465 2675 1522 2707 die
1553 2677 1589 2707 in
1614 2683 1719 2707 reve-

236 2726 362 2757 rentia
395 2726 493 2766 liegt.
548 2727 668 2759 Daher
702 2733 935 2774 entschuldigt
967 2741 1007 2765 er
1038 2733 1094 2764 die
1119 2731 1308 2763 scheinbar
1341 2731 1458 2762 kecke
1482 2730 1717 2771 Benauptung.

237 2780 282 2812 ut
304 2780 349 2812 ab
376 2782 525 2821 aequali
548 2783 643 2822 giebt
666 2786 770 2817 einen
795 2788 1046 2825 unpassenden
1069 2789 1171 2828 Sinn,
1197 2786 1287 2817 deun
1311 2785 1412 2817 wiire
1431 2784 1607 2816 Corellius
1630 2787 1717 2816 auch

238 2844 279 2868 so
298 2833 388 2878 jung
410 2838 481 2868 wie
499 2837 584 2868 Plin.
611 2846 792 2880 gewesen,
816 2850 856 2873 so
874 2842 1007 2874 konnte
1026 2840 1066 2883 ja
1090 2850 1155 2884 gar
1169 2841 1265 2872 nicht
1283 2837 1390 2880 jenes
1415 2837 1716 2873 riicksichtsvolle

238 2892 439 2925 Benehmen
463 2894 569 2925 unter
591 2893 709 2936 ihnen,
731 2894 784 2926 als
802 2893 936 2937 jungen
961 2898 1113 2937 Leuten,
1137 2895 1350 2929 stattfinden.

1853 970 1855 1008 i

1850 1530 1855 1735 4
