1855 3200
660 181 762 220 liber
791 180 964 229 quintus.
1469 176 1575 222 305

91 297 345 342 Fundanum
379 297 516 353 ipsum
554 295 627 354 (ut
662 297 790 340 multa
827 297 1025 339 luctuosa
1061 294 1181 338 dolor
1215 293 1408 353 invenit)
1446 308 1577 352 prae-

92 366 348 423 cipientem,
401 363 515 421 quod
558 365 601 406 in
647 369 800 408 vestes
814 397 826 422 ,
873 364 1156 421 margaritas,
1200 375 1393 420 gemmas
1435 363 1578 406 fuerat

92 438 371 490 erogaturus,
417 433 499 475 hoc
545 433 586 474 in
630 432 731 474 thus
777 438 818 476 et
866 436 1081 488 unguenta
1125 436 1168 474 et
1211 431 1367 474 odores
1409 431 1577 488 impen-

92 500 282 545 deretur.
350 499 438 543 Est
473 498 644 556 quidem
679 500 751 542 ille
789 499 981 542 eruditus
1018 504 1061 542 et
1097 500 1294 554 sapiens,
1340 503 1386 541 ut
1421 499 1493 556 qui
1528 511 1578 542 se

90 569 143 612 ab
180 569 357 613 ineunte
400 571 546 612 aetate
589 568 809 610 altioribus
857 567 1010 610 studiis
1045 567 1300 623 artibusque
1337 565 1576 610 dediderit:

92 635 169 681 sed
206 649 318 680 nunc
355 636 511 688 omnia,
549 648 660 692 quae
696 635 830 678 audiit
865 648 1016 693 saepe,
1055 648 1165 692 quae
1202 633 1322 693 dixit,
1360 646 1578 692 asperna-

91 711 185 763 tur,
222 704 503 761 expulsisque
539 703 770 747 virtutibus
799 703 912 758 aliis,
949 703 1125 760 pietatis
1149 706 1215 745 est
1241 706 1372 745 totus.
1442 702 1578 759 Igno-

92 785 206 828 sces,
242 771 437 814 laudabis
473 771 616 827 etiam,
653 772 689 814 si
712 771 994 827 cogitaveris,
1032 770 1131 828 quid
1151 770 1354 813 amiserit.
1425 770 1603 812 Amisit.

93 840 204 884 enim
239 839 393 894 filiam,
439 852 551 896 quae
593 852 678 882 non
721 839 859 881 minus
895 852 1036 882 mores
1073 841 1193 895 eJuS,
1229 850 1356 895 quam
1391 850 1442 881 os
1476 837 1580 881 vul-

93 911 268 964 tumque
309 908 549 959 referebat,
595 911 810 963 totumque
847 911 1010 963 patrem
1044 907 1151 949 mira
1187 904 1461 948 similitudine
1498 918 1580 948 ex-

1618 700 1644 737 9

92 975 343 1030 scripserat.
416 974 604 1018 Proinde
640 975 675 1017 si
713 988 820 1031 quas
855 974 909 1017 ad
947 988 1043 1017 eum
1080 974 1133 1017 de
1165 973 1312 1017 dolore
1343 980 1427 1016 tam
1457 975 1578 1030 justo
1593 974 1646 1011 10

91 1042 240 1085 literas
297 1042 466 1100 mittes,
520 1047 729 1086 memento
785 1042 992 1085 adhibere
1045 1042 1272 1095 solatium,
1324 1054 1408 1084 non
1455 1041 1581 1097 quasi

92 1108 415 1165 castigatorium
472 1115 515 1154 et
568 1110 694 1152 nimis
750 1110 881 1167 sorte,
947 1108 1029 1152 sed
1077 1109 1203 1151 molle
1248 1113 1292 1151 et
1338 1108 1578 1150 humanum.

94 1176 216 1230 Quod
263 1180 310 1219 ut
350 1177 520 1219 facilius
567 1177 785 1231 admittat,
829 1177 1004 1218 multum
1052 1177 1178 1219 faciet
1212 1174 1341 1218 medii
1374 1174 1581 1231 temporis

92 1245 290 1301 spatium.
370 1244 427 1287 Ut
463 1245 575 1288 enim
611 1244 786 1287 crudum
823 1243 962 1287 adhuc
998 1245 1158 1287 vulnus
1195 1242 1452 1286 medentium
1487 1253 1578 1284 ma·
1593 1243 1647 1281 11

92 1325 175 1355 nus
217 1311 484 1367 reformidat,
529 1308 686 1356 deinde
732 1313 891 1368 patitur
936 1316 1066 1368 atque
1113 1312 1222 1354 ultro
1267 1311 1470 1367 requirit:
1519 1310 1584 1352 sic

95 1392 250 1423 recens
296 1381 420 1423 animi
466 1379 587 1423 dolor
633 1381 948 1423 consolationes
995 1380 1131 1435 reJicit
1167 1391 1218 1422 ac
1264 1379 1437 1438 refugit,
1485 1391 1585 1421 mox

97 1445 330 1504 desiderat,
369 1452 412 1490 et
446 1448 678 1492 clementer
714 1447 896 1491 admotis
933 1448 1182 1505 acquiescit.
1255 1446 1383 1491 Vale.

184 1646 439 1689 maryaritas]
465 1648 569 1679 Diess
595 1647 652 1678 die
676 1646 925 1688 gewiilinlicbe
947 1644 1068 1684 Form,
1093 1646 1179 1677 doch
1205 1645 1317 1677 haben
1341 1643 1400 1676 die
1425 1651 1583 1676 neueren

95 1703 285 1744 Ausgabeu
318 1704 411 1734 nach
445 1702 584 1735 Corte’s
617 1703 866 1743 Einpfelilung:
907 1702 1141 1743 witimarum
1179 1702 1283 1733 Titze
1320 1700 1505 1732 bemerkte
1539 1702 1592 1732 im>

94 1759 211 1801 Prag„
235 1760 318 1791 dass
344 1759 407 1790 das
431 1768 449 1790 s
472 1758 678 1790 absiclitlicli
704 1762 820 1789 etwas
845 1758 994 1798 grosser
1017 1758 1256 1798 gesclirieben
1280 1765 1375 1798 war,
1400 1756 1584 1788 vielleiclit

91 1824 152 1847 -um
177 1815 397 1847 hemerklich
422 1823 464 1846 zu
489 1815 649 1854 macheu,
672 1814 756 1846 dass
781 1815 877 1845 diess
903 1813 961 1845 die
984 1814 1136 1853 riclinge
1154 1813 1286 1844 Lesart
1309 1814 1373 1844 sei.
1422 1813 1474 1844 lin
1500 1813 1585 1844 Fol-

95 1872 235 1911 genden
259 1873 307 1903 ist
332 1870 418 1902 thus
442 1872 529 1902 nach
555 1871 633 1902 deni
657 1869 753 1901 Med.
777 1869 846 1901 und
872 1869 978 1910 Prag.
1004 1870 1144 1909 gewiss
1171 1869 1233 1899 das
1251 1869 1468 1910 Richtigere.
1517 1868 1585 1900 Die

95 1928 336 1968 Versueliung
359 1935 439 1958 war
462 1927 517 1957 bei
541 1926 609 1957 den
633 1926 897 1957 Abschreibern
922 1934 1040 1966 grOSS,
1065 1933 1105 1957 es
1128 1925 1237 1956 durch
1261 1925 1376 1957 thura
1400 1925 1480 1956 dem
1500 1925 1529 1957 F
1532 1924 1585 1956 ol-

99 1982 238 2023 genden
262 1981 442 2013 {ilinlicher
466 1989 511 2012 zu
535 1982 692 2013 macheu.

188 2062 222 2092 8.
248 2059 386 2091 altiora
410 2059 550 2095 studia]
576 2058 653 2089 sind
679 2058 820 2098 solclie,
853 2058 910 2088 die
935 2058 969 2089 in
1004 2058 1059 2089 die
1084 2058 1185 2089 Tiese
1218 2059 1352 2098 gehen,
1385 2058 1442 2088 die
1467 2061 1585 2089 etwas

100 2117 153 2148 bis
184 2116 247 2147 auf
275 2118 376 2147 seine
400 2115 532 2146 letzten
558 2112 702 2145 Griinde
727 2115 797 2144 und
823 2113 1140 2154 veranlassungen
1166 2114 1366 2154 verfolgen.
1424 2112 1500 2144 Nur
1531 2114 1586 2144 bei

99 2172 167 2205 den
189 2172 448 2213 Zeitgenossen
474 2170 537 2202 des
562 2169 653 2201 Plin.
680 2170 813 2202 kommt
838 2171 939 2201 altus
965 2171 998 2201 in
1024 2169 1143 2202 dieser
1168 2169 1372 2211 Bedeutung
1396 2178 1465 2201 vor
1481 2194 1488 2208 ,
1511 2170 1586 2201 wie

93 2228 217 2267 Quint.
242 2227 275 2266 2,
299 2227 354 2267 13,
378 2227 432 2258 15.
459 2225 491 2265 1,
516 2225 549 2267 4,
575 2227 607 2256 6.
633 2234 674 2257 so
700 2227 786 2257 aucli
813 2226 999 2267 inqenium
1025 2225 1249 2257 altissimum
1274 2226 1330 2257 Br.
1356 2227 1390 2265 9,
1413 2226 1469 2267 33,
1497 2224 1529 2256 1.

187 2283 342 2325 pietatis
365 2284 420 2314 est
442 2282 561 2320 totus]
596 2282 654 2313 ein
680 2282 885 2314 Gracismus
920 2283 993 2314 wie
1018 2278 1095 2319 ὅλος
1118 2280 1182 2313 τοῦ
1207 2281 1339 2326 ἔρωτος.
1365 2282 1448 2312 Liv.
1471 2281 1507 2319 3,
1530 2280 1586 2312 36.

98 2341 222 2372 Senec.
247 2339 369 2370 Benef.
393 2339 426 2380 ¹7,
453 2339 509 2369 26.
533 2338 612 2370 Val.
638 2339 759 2370 Flacc.
786 2338 817 2377 1,
842 2339 924 2370 207.

189 2406 222 2438 9.
248 2404 410 2447 referre]
443 2414 514 2438 von
547 2407 611 2438 der
634 2406 903 2447 Aehnlichkeit,
936 2406 992 2437 die
1025 2405 1098 2436 sich
1133 2406 1166 2435 in
1199 2404 1277 2435 dem
1303 2403 1449 2434 Gesiclit
1488 2402 1588 2434 eines

101 2462 267 2494 Anderen
298 2461 635 2503 wiederspiegelte‚
668 2471 708 2494 so
740 2463 810 2494 viel
841 2464 915 2493 wie
948 2462 1179 2502 exprimere,
1214 2459 1376 2499 imitari,
1408 2457 1440 2497 7,
1476 2457 1528 2497 19,
1554 2458 1589 2488 9.

103 2516 217 2548 Tacit.
233 2516 353 2549 Germ.
374 2517 502 2549 20.45.
528 2519 655 2549 Senec.
679 2519 733 2549 ira
749 2519 782 2556 2,
806 2518 861 2548 22.
895 2534 929 2539 -
955 2517 1021 2547 Die
1048 2515 1293 2547 Aelinliclikeit
1319 2515 1380 2546 der
1405 2513 1591 2545 Gesichts-

104 2569 195 2613 ziige
225 2571 284 2604 bei
315 2572 382 2604 den
404 2574 562 2605 Kindern
594 2574 667 2614 galt
691 2574 735 2604 im
762 2574 955 2605 Altertlium
982 2572 1168 2611 allgemein
1203 2570 1255 2601 als
1291 2571 1347 2601 ein
1372 2570 1589 2601 besonderes

104 2626 239 2668 Gliick,
270 2628 325 2659 als
351 2630 406 2659 ein
432 2627 810 2661 wiinsclienswerthes
836 2628 906 2659 Gut
934 2627 997 2658 der
1021 2627 1177 2657 Aeltern.
1209 2627 1310 2668 virg.
1336 2627 1426 2657 Aen.
1453 2625 1487 2665 4,
1510 2625 1589 2656 329.

103 2682 207 2715 Ovid.
233 2684 378 2716 Beroid.
403 2685 437 2722 6,
461 2685 537 2717 123.
564 2686 672 2717 Trist.
699 2683 732 2724 4,
757 2685 792 2723 5,
817 2683 872 2713 32.
897 2684 1043 2714 Metam.
1068 2682 1102 2721 4,
1125 2681 1204 2714 290.
1230 2680 1518 2723 Catull,61,222.
1542 2680 1589 2714 al.

195 2752 467 2792 eoescripserat]
493 2760 523 2782 s.
549 2759 597 2782 zu
622 2750 654 2790 4,
678 2750 734 2790 28,
760 2749 791 2780 1.

197 2816 255 2850 10.
279 2817 392 2850 medii
415 2817 608 2858 temporis]
635 2818 718 2849 Ter.
750 2817 916 2858 Heaut.3‚
934 2817 964 2859 1,
989 2816 1050 2849 13:
1075 2817 1151 2849 dies
1176 2817 1295 2850 adimit
1320 2816 1592 2860 aegritudinem,

106 2869 224 2915 vergi.
249 2872 324 2906 Cic.
348 2873 453 2906 muse.
478 2873 512 2913 3,
535 2872 591 2905 22.

1173 2929 1228 2966 20
