1855 3200
727 197 825 236 liber
856 198 1012 245 primus.
1553 192 1582 235 2
1600 193 1615 234 i

137 311 338 368 currenti,
376 311 622 367 pariterque
647 316 690 354 et
714 312 787 354 tibi
811 312 979 355 veniam
1010 310 1237 354 recusandi
1263 310 1422 353 laboris
1449 316 1492 354 et
1528 310 1626 353 mihi

137 377 337 433 exigendi
374 377 678 421 verecundiam
712 379 937 421 sustulisti.
1015 379 1127 420 Nam
1163 391 1243 420 nec
1277 391 1345 420 me
1381 378 1524 420 timide
1567 379 1625 419 uti
1668 386 1692 421 2

137 445 264 488 decet
282 458 348 503 eo,
365 444 477 502 quod
500 446 686 487 oblatum
706 451 796 488 est:
821 450 960 489 necte
977 447 1170 503 gravari⁷
1188 445 1300 501 quod
1322 444 1625 501 depoposcisti.

137 514 234 555 Non
259 517 500 569 esttamen,
529 511 643 568 quod
670 512 721 554 ab
743 513 909 556 homine
935 512 1152 555 desidioso
1170 513 1327 569 aliquid
1365 513 1466 556 novi
1485 513 1628 568 operis

139 585 384 635 exspectes.
443 582 662 623 Petiturus
686 593 778 621 sum
815 581 940 636 enim,
981 585 1025 622 ut
1060 594 1210 622 rursus
1249 593 1385 623 vaces
1423 580 1626 636 sermoni,
1669 592 1695 625 3

137 661 260 703 quem
295 647 407 704 apud
427 647 662 703 municipes
678 660 797 689 meos
836 647 979 704 habui,
1018 647 1309 690 bibliothecam
1330 647 1628 690 dedicaturus.

137 714 310 757 Memini
345 714 528 772 quidem,
565 720 609 757 te
619 717 709 769 Jam
725 713 935 770 quaedam
956 714 1204 771 adnotasse,
1243 714 1322 757 scd
1344 715 1629 769 generaliter:

137 780 232 824 ideo
268 795 380 824 nunc
414 796 534 839 rogo,
573 786 618 823 ut
654 795 737 824 non
773 785 935 823 tantum
972 782 1245 825 universitati
1281 783 1376 836 ejus
1411 780 1631 840 attendas²

143 861 291 891 verum
319 850 446 892 etiam
482 849 733 906 particuIaS,
772 861 856 904 qua
881 849 999 891 soles
1023 850 1135 905 lima,
1172 849 1465 905 persequaris.
1535 847 1633 890 Erit

141 916 250 959 cuim
287 920 329 957 et
365 921 462 972 post
499 915 833 958 emendationem
870 916 1048 959 liberum
1078 916 1200 958 nohis
1228 916 1298 958 vel
1319 917 1540 972 publicare
1558 915 1630 959 vel

141 984 374 1025 continere.
458 981 568 1034 Quin
605 983 726 1024 inuno
764 983 950 1025 fortasse
994 982 1107 1024 hanc
1143 983 1276 1039 ipsam
1317 984 1631 1025 cunctationem
1672 994 1697 1029 4

141 1054 331 1090 nostram
378 1051 416 1090 in
462 1051 711 1091 alterutram
747 1050 1002 1092 sententiam
1040 1049 1351 1092 emendationis
1397 1051 1504 1091 ratio
1550 1048 1630 1091 de-

141 1114 282 1171 ducet,
321 1128 431 1170 quae
455 1120 528 1157 aut
566 1115 783 1170 indignum
822 1115 1021 1173 editione,
1061 1116 1158 1158 dum
1195 1118 1375 1172 saepius
1407 1120 1628 1171 retractat,

139 1183 355 1239 invenietf„
411 1186 483 1223 aut
530 1182 724 1238 dignum,
773 1182 870 1224 dum
914 1183 954 1224 id
998 1184 1133 1237 ipsum
1178 1184 1414 1237 experitur,
1462 1182 1630 1224 efficiet.

141 1247 391 1304 Quanquam
433 1248 560 1303 hujus
605 1249 890 1290 cunctationis
925 1262 1047 1292 meae
1095 1262 1283 1291 caussae
1330 1262 1412 1290 non
1461 1255 1543 1290 tam
1591 1249 1629 1290 in
1670 1258 1697 1294 ζ.

141 1317 329 1372 scriptis,
375 1329 501 1372 quam
547 1316 588 1357 in
631 1316 727 1371 ipso
781 1317 988 1359 materiae
1033 1329 1196 1372 genere
1251 1317 1514 1359 consistunt:
1563 1320 1632 1359 est

140 1459 173 1497 8,
198 1458 265 1489 293
299 1458 618 1499 spriichwiirtliche
640 1460 907 1506 Redensarten.
943 1460 1000 1491 die
1034 1461 1117 1491 sehr
1150 1457 1264 1491 iihlich
1291 1467 1416 1491 waren
1443 1457 1517 1489 Cic.
1544 1459 1630 1489 Phil.

140 1515 174 1554 3,
197 1515 230 1544 8.
264 1514 360 1546 Orat.
385 1515 417 1553 2,
441 1515 498 1546 44.
533 1516 574 1546 ad
603 1516 742 1546 Divers.
769 1516 823 1554 15,
852 1516 902 1547 15.
934 1516 1042 1547 Attio.
1068 1518 1101 1556 5,
1127 1517 1159 1546 9.
1184 1519 1215 1555 fi,
1239 1516 1272 1546 7.
1304 1515 1357 1555 13,
1381 1515 1438 1545 45.
1487 1514 1630 1551 Quintil.

141 1568 285 1601 declam.
312 1570 365 1601 12.
414 1572 496 1603 &Vir
519 1578 631 1611 Sagen
656 1579 718 1601 so:
755 1572 834 1602 dem
860 1572 975 1611 Vogel
1000 1572 1090 1603 noch
1118 1570 1239 1613 Fliigel
1264 1575 1450 1602 ansetzen.

231 1647 263 1677 2.
290 1648 430 1683 sermo]
457 1648 518 1678 das
544 1648 766 1687 gewohnlich
802 1655 866 1678 nur
893 1656 961 1678 von
994 1649 1057 1679 der
1081 1650 1233 1688 Sprache
1268 1649 1331 1679 des
1357 1649 1535 1688 Unigangs
1567 1655 1634 1687 ge-

143 1702 287 1733 braucht
319 1703 432 1740 wird,
471 1703 604 1734 kommt
639 1712 705 1734 nur
744 1704 799 1733 bei
833 1703 916 1732 sehr
947 1703 1071 1741 spiiten
1107 1704 1390 1735 schriftstellern
1428 1712 1497 1733 von
1535 1706 1634 1734 einer

143 1757 365 1797 feierlichen,
406 1766 472 1788 vor
505 1759 650 1789 Andern
685 1759 898 1798 gehalteuen
932 1759 1030 1788 Rede
1067 1767 1144 1789 vor.
1207 1761 1324 1790 xveun
1363 1765 1435 1788 nun
1470 1749 1631 1789 deimoch

141 1812 232 1843 Ptin.
258 1813 334 1843 hier
358 1813 662 1853 seiueanorirag
685 1820 804 1844 sermo
830 1818 949 1852 neunt,
974 1822 1015 1844 so
1043 1814 1136 1845 kann
1163 1815 1258 1845 diess
1285 1822 1349 1845 nur
1373 1814 1424 1844 als
1444 1814 1634 1845 Ausdrnck

142 1868 206 1898 der
231 1868 525 1899 Beseheidenheit
561 1869 701 1909 gelten,
737 1869 828 1899 ohne
856 1869 936 1899 dass
961 1869 1071 1900 damit
1103 1873 1228 1909 gesan-t
1264 1869 1382 1907 ware,
1419 1869 1502 1900 dass
1535 1870 1634 1900 diese

143 1923 241 1954 Bede
266 1925 301 1954 in
325 1924 430 1954 Form
458 1925 524 1954 und
556 1924 733 1956 ausdruck
759 1925 834 1955 sich
868 1925 966 1954 mehr
990 1926 1054 1955 der
1086 1925 1359 1966 gewiilinliehen
1386 1925 1636 1965 Unterredung

143 1979 317 2016 geniihert
341 1980 436 2011 habe.
465 1980 547 2011 VVie
563 1980 658 2012 hiitte
671 1986 770 2012 sonst
792 1980 926 2010 Plinius
945 1989 986 2011 so
1005 1982 1089 2011 sehr
1114 1982 1168 2012 die
1185 1981 1416 2021 Herausgabe
1438 1978 1635 2012 wiinschen

145 2030 313 2066 konnen?

235 2102 426 2140 declicare]
449 2116 494 2128 =
521 2102 658 2143 dicare,
696 2111 934 2144 consecrare,
971 2104 1098 2143 publici
1132 2102 1230 2144 juris
1267 2104 1399 2135 facere.
1462 2103 1551 2135 Plin.
1590 2104 1631 2134 H.

144 2158 184 2189 N.
210 2158 266 2199 35,
289 2159 322 2189 2.

233 2226 267 2255 3.
289 2225 534 2266 ,qemi-aliter]
563 2226 674 2266 vergl.
699 2226 734 2267 4,
758 2227 813 2265 20,
842 2226 870 2258 1.
898 2225 1018 2258 wofiir
1044 2227 1191 2257 bessere
1216 2226 1497 2258 Scin-iststeller:
1522 2234 1635 2267 qene-

144 2280 277 2320 ratim‚
305 2281 345 2312 in
369 2282 601 2322 universum,
626 2284 771 2314 omnino
798 2283 994 2321 brauchen‚
1026 2281 1115 2312 wird
1143 2289 1208 2313 nur
1230 2282 1396 2314 schwach
1421 2283 1528 2314 durch
1553 2284 1633 2313 eine

147 2337 332 2367 unsiohere
355 2338 463 2368 Stelle
489 2337 644 2369 Cicero’s
668 2338 806 2369 Invent.
834 2338 865 2378 1,
891 2339 936 2370 26
960 2336 1158 2379 geschiitzt.

236 2403 385 2435 liberum
409 2405 463 2435 est
485 2404 604 2441 nobis]
641 2405 742 2444 licet,
775 2414 929 2446 possum,
965 2407 998 2436 tn
1025 2405 1174 2436 arbitrio
1197 2411 1275 2434 meo
1308 2405 1364 2434 est
1389 2403 1629 2434 constitutum.

146 2459 229 2490 wir
253 2467 361 2499 sagen
387 2460 476 2490 eben
501 2468 564 2490 so:
590 2469 629 2491 cs
655 2462 750 2492 steht
775 2463 841 2493 mir
864 2461 942 2492 frei-

236 2525 446 2564 publicure]
472 2524 530 2556 fiir
553 2526 670 2564 edere,
696 2529 734 2558 z’n
758 2529 890 2566 vulqus
914 2528 1021 2559 edere
1046 2526 1180 2557 kommt
1203 2532 1272 2555 nur
1296 2525 1330 2554 in
1355 2524 1472 2555 dieser
1495 2524 1629 2555 Beden-

148 2583 236 2619 tung
259 2580 315 2609 bei
338 2580 502 2617 spateren
528 2582 805 2613 sciirifrsteiieru
833 2591 898 2613 vor
922 2582 954 2622 4,
978 2582 1035 2620 27,
1059 2583 1091 2611 5.
1117 2582 1211 2611 Suet.
1239 2580 1341 2611 Caes.
1367 2581 1421 2610 56.
1448 2580 1569 2610 Claud.
1596 2582 1628 2610 3.

149 2635 223 2664 Das
248 2633 457 2673 Gegentheil
489 2635 603 2666 davon
634 2642 743 2668 neunt
775 2646 815 2668 er
841 2638 926 2667 nach
952 2636 1024 2668 Cic.
1050 2637 1121 2667 Au.
1149 2635 1204 2675 13,
1225 2635 1268 2667 21
1294 2635 1508 2675 continere,
1539 2637 1626 2667 anch

148 2690 267 2722 tenere
290 2689 324 2729 2,
351 2689 401 2729 10,
428 2689 457 2721 1.

235 2754 268 2790 4.
294 2758 383 2797 quin
407 2757 531 2793 immo]
587 2758 695 2788 Diese
730 2758 981 2799 verstiirkuug
1016 2759 1079 2791 der
1114 2760 1340 2800 Behauptung
1384 2759 1492 2790 durch
1532 2760 1629 2789 zwei

146 2812 478 2854 gleichbedeutende
512 2813 642 2844 W'orte
674 2814 799 2854 gehijrt
823 2814 886 2846 der
915 2815 1058 2855 spiitern
1092 2817 1171 2847 Zeit
1199 2825 1256 2847 au.
1295 2816 1414 2853 Quint.
1452 2815 1482 2853 1,
1519 2814 1546 2854 i,
1571 2813 1626 2849 31,

147 2869 235 2899 deun
260 2870 328 2900 cic.
355 2869 426 2900 Ait.
452 2868 482 2908 1,
511 2868 550 2900 13
575 2878 667 2901 mnss
691 2871 778 2910 quin
802 2879 902 2903 nunc
925 2871 1069 2912 gelesen
1094 2871 1252 2902 werden.
