1855 3200
1563 215 1582 225 ιιι

732 219 830 256 liber
863 219 1020 265 primus.
1559 216 1619 256 ol

137 334 317 376 amicitia
356 334 563 389 principis
611 335 650 375 iii
699 334 778 376 lioe
827 334 911 388 uli,
959 338 1245 389 quantumque
1281 333 1419 388 gratia
1456 334 1622 388 valens,

135 403 310 444 aliorum
348 401 579 443 honoribus
615 403 814 457 experiri.
895 400 980 442 Est
1015 401 1180 443 omnino
1218 396 1417 455 Capitoni
1450 400 1491 440 in
1528 414 1622 454 usu,

135 470 279 513 claros
317 469 435 511 viros
470 469 627 511 colere.
697 468 851 510 Mirum
879 473 960 521 est,
996 480 1079 524 qua
1104 466 1326 522 religione,
1362 480 1445 522 quo
1477 467 1622 510 studio

133 537 343 591 imagines
362 535 608 588 Brutorum,
645 533 911 589 Cassiorum,
948 533 1173 592 Catonum,
1210 534 1334 587 domi,
1371 534 1438 576 ubi
1462 540 1623 590 potest,

134 604 304 646 habeat.
373 600 492 645 Idem
528 603 754 645 elai-issimi
790 606 1001 659 cujusque
1037 604 1167 645 vitam
1188 602 1384 657 egregiis
1420 602 1622 643 carmini-

137 672 216 713 bus
254 677 446 714 exornat.
518 670 648 714 Scias
692 671 830 727 ipsum
878 670 1068 726 plurimis
1112 670 1344 712 virtutibus
1386 669 1622 722 abundare,

135 739 204 794 qui
252 738 418 781 alienas
463 738 528 780 sic
573 743 700 780 amat.
788 738 1000 780 Redditus
1048 742 1117 779 est
1162 737 1215 778 L.
1252 735 1406 779 Silano
1454 736 1623 779 debitus

135 805 284 858 honor,
321 807 444 860 cujus
478 806 780 847 immortalitati
806 803 958 861 Capito
994 804 1223 861 prospexit
1248 798 1413 860 pariter
1436 808 1479 847 et
1499 816 1620 847 suae.

136 873 288 928 Neque
334 873 444 914 enim
490 873 631 928 magis
674 872 875 914 dei-orum
924 878 966 916 et
1013 873 1182 927 insigne
1219 876 1314 927 est,
1360 876 1543 914 statuam
1582 872 1620 912 iii

137 939 228 981 soro
263 940 408 996 populi
444 940 625 981 Romani
662 939 836 992 habere,
873 953 997 996 quam
1034 951 1208 995 ponere.
1282 929 1444 981 Vales

756 1091 990 1136 XVIII.

321 1199 375 1249 G.
413 1200 605 1249 Plinius
640 1200 876 1250 Suetonio
917 1201 1205 1267 Tranquillo
1241 1200 1349 1250 Suo
1384 1200 1440 1250 S.

265 1339 448 1393 Scribis,
484 1344 528 1384 te
562 1341 838 1397 perterritum
875 1341 1039 1383 somnio
1076 1342 1246 1394 vereri,
1292 1354 1348 1384 ne
1391 1339 1491 1398 quid
1536 1340 1618 1383 ad-

132 1409 250 1450 versi
286 1408 326 1448 in
373 1410 540 1451 actione
573 1409 777 1465 patiaris:
814 1421 969 1463 rogas,
1016 1413 1062 1450 ut
1109 1407 1354 1452 dilationem
1396 1413 1540 1464 petam
1578 1414 1622 1451 et

133 1475 339 1531 pauculos
375 1475 483 1530 dies,
519 1481 638 1519 certe
662 1476 900 1532 proximum
921 1489 1138 1520 excusem.
1210 1476 1397 1520 Difficile
1416 1480 1503 1520 est:
1541 1474 1620 1519 sed

132 1543 346 1598 experiar.

278 1634 329 1640 -—
361 1634 415 1641 —
459 1603 537 1652 καὶ
572 1603 662 1670 γάρ
698 1608 736 1651 τ’
771 1603 889 1670 ὄναρ
927 1609 977 1652 ἐκ
1014 1604 1127 1665 Διός
1162 1609 1279 1654 ἐστι.

220 1764 253 1795 2.
278 1761 896 1805 inhoc]=5d80,z'nlmncfine1n,
921 1763 1032 1803 hujus
1055 1763 1113 1795 rei
1138 1771 1288 1803 caussa,
1313 1761 1360 1799 εἰς
1384 1766 1498 1796 τοῦτο.
1527 1748 1616 1796 Vell.

131 1818 164 1858 2,
189 1819 247 1850 41.
273 1820 388 1857 Quini.
415 1820 448 1859 9,
471 1819 503 1850 2.
529 1818 679 1850 Phaedr.
705 1820 792 1858 prol.
819 1821 850 1858 5,
875 1820 907 1850 2.
956 1820 1053 1851 Eben
1078 1828 1138 1851 so:
1166 1821 1203 1850 in
1227 1819 1265 1850 ἑά
1289 1820 1387 1851 Flor.
1412 1820 1444 1860 4,
1468 1820 1501 1860 7,
1527 1821 1579 1850 13.

218 1886 251 1915 3.
275 1885 472 1925 inzayz'nes]
506 1884 637 1916 Biislen
668 1885 736 1917 und
763 1886 1000 1925 Brustbilder,
1032 1888 1157 1918 womit
1188 1887 1246 1918 die
1270 1887 1404 1918 Riimer
1433 1895 1522 1928 gei-n
1559 1888 1614 1917 die

128 1940 268 1973 Hiiuser
292 1943 507 1973 nameutlieli
533 1942 589 1973 die
617 1942 860 1973 Bibliotlielzen
885 1944 1034 1973 zierten.
1059 1941 1181 1983 vergi.
1209 1945 1244 1981 3,
1270 1943 1303 1982 7,
1328 1944 1362 1974 8.
1388 1942 1423 1983 4,
1448 1943 1502 1980 28,
1534 1943 1562 1974 1.

219 2008 446 2044 Brutorum]
479 2009 552 2039 Aus
578 2009 640 2039 dei·
664 2009 770 2040 Wahi
795 2009 856 2040 der
882 2009 998 2039 Bildei·
1022 2011 1154 2041 ersielil
1181 2018 1259 2041 man
1286 2010 1353 2041 den
1379 2010 1618 2049 republicani-

129 2064 236 2094 sclieii
256 2063 374 2103 Geist,
402 2064 466 2094 der
489 2064 545 2094 iliu
572 2065 662 2094 nocli
689 2065 844 2097 belebte:
869 2065 979 2095 dahel·
1004 2065 1101 2096 domi
1127 2065 1188 2096 ubi
1211 2066 1341 2106 potest,
1367 2066 1460 2096 deun
1486 2066 1617 2097 offent-

128 2120 198 2151 licli
225 2120 445 2159 ausgestellt,
469 2117 622 2150 wiirden
647 2120 765 2150 solclie
790 2119 1005 2151 Denkiniilei·
1028 2130 1072 2151 zu
1097 2122 1182 2151 sehr
1206 2129 1250 2151 au
1276 2123 1355 2152 eine
1381 2122 1513 2152 andere
1537 2122 1617 2152 Zeit

128 2176 288 2207 erinnert
313 2176 438 2215 haben,
460 2183 539 2205 was
564 2177 620 2207 die
645 2177 772 2207 Kaisei·
797 2178 892 2206 nicht
917 2174 1114 2207 wiinsclien
1141 2176 1311 2207 kounten.

217 2242 252 2274 4.
277 2242 382 2274 Scias
408 2258 450 2265 ·-
475 2244 599 2279 αηιαί]
628 2244 815 2275 Vielleiclit
848 2251 912 2273 aus
937 2243 1053 2274 dieser
1080 2243 1202 2280 Quelle
1235 2245 1320 2274 (loss
1345 2243 1408 2274 der
1436 2243 1527 2274 Vera
1552 2244 1614 2273 des

126 2299 257 2338 Syrus:

261 2364 334 2394 Nae
360 2365 547 2396 virtutibus
573 2365 690 2396 multis
715 2365 881 2406 abundat,
905 2367 960 2406 qui
987 2365 1124 2397 alienas
1148 2368 1252 2396 amat.

215 2427 405 2463 XVIII.
431 2431 463 2462 1.
489 2432 606 2468 actio]
626 2430 711 2473 jede
732 2434 987 2472 Rechtssache,
1001 2433 1165 2470 Process,
1189 2429 1351 2460 insofern
1367 2438 1406 2461 er
1427 2432 1472 2461 im
1488 2430 1610 2470 Gange

123 2485 185 2525 ist,
208 2485 350 2525 gefiihrt
373 2488 484 2526 wird5
516 2487 726 2528 vorziiglich
750 2490 800 2519 oft.
825 2490 858 2519 iu
892 2488 1023 2519 diesem
1057 2486 1253 2524 Zeilalter‚
1285 2493 1345 2515 wo
1377 2493 1416 2516 es
1448 2484 1505 2517 fiir
1537 2496 1609 2525 res,

129 2547 265 2571 caussa
290 2542 395 2572 steht.

218 2613 404 2636 eoecusare
429 2624 471 2630 —-
494 2607 589 2644 dies]
616 2608 727 2647 vei-gl.
753 2617 798 2639 zu
825 2609 859 2647 1,
879 2608 912 2646 7,
928 2608 961 2638 2.
989 2608 1076 2639 Hier
1102 2608 1211 2639 heisst
1235 2616 1292 2639 es:
1315 2616 1371 2640 um
1397 2609 1500 2640 einen
1523 2609 1609 2640 Aus-

133 2659 241 2690 Schub
268 2668 338 2691 von
364 2662 530 2701 wenigen
554 2663 674 2702 Tagen
699 2664 820 2694 hilten-

217 2725 371 2768 difficile
397 2727 468 2765 est]
499 2729 557 2758 Bei
593 2728 996 2769 Rechtsstreitigkeiten
1031 2731 1064 2760 in
1097 2730 1356 2761 Privatsachen
1391 2729 1507 2762 durste
1540 2739 1608 2762 nui·

126 2784 162 2812 in
187 2782 516 2814 Krankheiissiillen
554 2782 642 2816 odei·
665 2793 728 2816 aus
753 2786 948 2826 wicliiigen
973 2784 1142 2817 Griinden
1167 2795 1222 2818 um
1248 2785 1426 2817 Aufschub
1450 2787 1608 2825 naclige-

124 2838 224 2869 sucht
248 2838 409 2869 werden.

213 2915 270 2935 και
293 2902 376 2949 γάρ]
405 2905 505 2936 Hom.
529 2916 564 2946 α,
588 2904 629 2937 ΙΙ.
655 2906 713 2939 63.

1205 2962 1231 2999 4
1252 2961 1269 2977 ι

1662 1342 1684 1376 1
