1855 3200
700 237 795 273 liber
827 246 965 274 nonus,
1461 232 1565 276 223

85 354 182 395 Non
226 363 375 394 omnes
423 350 614 393 homines
660 351 802 406 aliquo
849 362 996 392 errore
1041 343 1289 392 ducuntur?
1359 351 1457 391 Non
1500 351 1568 393 hic

86 421 130 462 in
164 419 238 462 illo
273 418 367 469 sibi,
404 419 446 459 in
483 418 560 460 hoe
596 418 721 473 alius,
759 410 1018 472 indulget?“
1086 417 1208 459 Haec
1231 417 1302 459 tibi
1325 415 1565 459 admonitus
1609 433 1634 469 2

88 485 331 528 immodicae
367 485 616 527 severitatis
653 485 864 540 exemplo,
901 497 977 540 pro
1013 496 1157 527 amore
1190 489 1357 538 mutuo,
1395 484 1565 540 scripsi,

86 565 142 596 ne
177 552 345 607 quando
382 558 428 594 tu
462 565 630 607 quoque
665 552 791 593 tilium
828 557 942 593 tuum
978 552 1176 594 acerbius
1205 551 1440 607 duriusque
1476 560 1568 593 tra-

86 624 247 662 ctares.
319 618 489 674 Cogita,
524 623 568 662 et
603 619 719 660 illum
749 632 926 674 puerum
961 631 1079 672 esse,
1116 623 1161 661 et
1181 624 1223 660 te
1244 619 1402 661 fuisse:
1438 624 1568 674 atque

86 688 145 729 ita
182 687 274 743 hoc,
313 686 423 741 quod
460 699 509 728 es
546 691 690 742 pater,
731 689 871 739 utere,
910 690 954 727 ut
986 687 1243 739 memineris,
1280 690 1323 728 et
1359 685 1567 728 hominem

88 767 191 797 esse
226 758 283 810 te,
323 759 365 796 et
400 752 578 795 hominis
614 757 792 808 patrem.
866 753 987 795 Vale.

729 914 907 961 ΧΙΙΙο

420 1027 473 1077 C.
514 1027 702 1075 Plinius
741 1027 1000 1085 Quadrato
1036 1026 1142 1077 Suo
1178 1027 1233 1075 S.

224 1133 392 1187 Quanto
429 1134 666 1177 studiosius
702 1134 991 1189 intentiusque
1013 1134 1157 1188 legisti
1193 1134 1341 1187 libros,
1378 1146 1485 1189 quos
1514 1132 1569 1177 de
1610 1132 1632 1168 1

91 1201 284 1245 Helvidii
330 1203 487 1244 ultione
533 1201 778 1257 composuij,
824 1204 940 1242 tanto
988 1200 1225 1255 impensius
1268 1201 1489 1256 postulas,
1526 1204 1571 1241 ut

88 1268 354 1325 perscribam
391 1268 477 1324 tibi,
513 1280 710 1323 quaeque
746 1272 869 1309 extra
892 1266 1039 1318 libros,
1074 1279 1270 1322 quaeque
1290 1268 1403 1309 circa
1424 1268 1568 1319 libros,

88 1339 220 1377 totum
266 1334 455 1391 denique
490 1335 680 1376 ordinem
717 1334 802 1386 rei,
855 1335 921 1376 cui
964 1346 1043 1388 per
1077 1339 1258 1376 aetatem
1302 1347 1385 1376 non
1434 1335 1570 1375 inter-

90 1403 219 1444 fuisti.
307 1402 464 1445 Occiso
515 1402 782 1454 Domitiano,
827 1401 958 1442 statui
999 1413 1160 1442 mecum
1216 1413 1267 1443 ac
1319 1401 1569 1454 deliberavi,
1610 1401 1636 1436 2

90 1482 193 1511 esse
228 1482 420 1524 magnam
455 1469 760 1524 pulchramque
803 1468 1022 1511 materiam
1066 1467 1308 1510 insectandi
1346 1473 1572 1520 nocentes,

54 1535 272 1580 vmiseros
314 1534 588 1585 vindicandi,
635 1548 684 1577 se
730 1534 991 1588 proferendi.
1078 1536 1237 1588 Porro,
1284 1537 1394 1577 inter
1439 1535 1572 1575 multa

91 1594 260 1644 scelera
295 1602 538 1653 multorum,
584 1601 742 1641 nullum
779 1602 965 1642 atrocius
1000 1600 1253 1656 videbatur,
1298 1614 1421 1656 quam
1458 1600 1568 1655 quod

89 1669 131 1710 in
157 1668 325 1711 Senatu
362 1673 538 1710 senator
563 1667 769 1718 senatori,
805 1667 1047 1721 praetorius
1072 1667 1303 1720 consulati,
1340 1680 1415 1710 reo
1432 1665 1569 1721 judex

89 1747 239 1778 manus
274 1735 504 1777 intulisset.
576 1734 737 1775 Fuerat
770 1733 928 1789 alioqui
961 1733 1059 1773 milii
1095 1747 1188 1774 cum
1218 1733 1424 1776 Helvidio
1460 1733 1569 1774 ami-
1610 1734 1645 1771 3-

180 1908 326 1946 XIII.
354 1908 598 1949 Quadratus]
615 1909 801 1948 Derselbe,
828 1917 898 1941 von
924 1910 1000 1941 dem
1027 1917 1092 1940 uns
1117 1909 1151 1950 7,
1167 1909 1222 1941 24.
1248 1910 1330 1941 sehr
1348 1907 1569 1941 Riilunliches

92 1975 137 1997 zu
161 1965 332 1997 erziihlen
356 1967 479 1996 weiss.
535 1966 583 1996 Er
616 1965 764 2006 geniirte
802 1973 845 1995 zu
877 1965 945 1995 den
965 1962 1097 2005 jungen
1122 1966 1276 2006 Leuten‚
1308 1966 1447 1997 welche
1479 1973 1568 2006 geru

92 2022 147 2053 bei
171 2023 250 2052 dem
275 2022 506 2052 erfahreneru
532 2021 662 2052 Plinius
686 2021 762 2051 sicli
788 2021 899 2050 Baths
923 2020 1103 2057 erholteu,
1128 2021 1159 2061 6,
1184 2021 1239 2059 11,
1261 2022 1320 2052 29.

183 2110 214 2140 1.
240 2109 455 2147 Helvidius]
482 2106 626 2150 d.jiing.
655 2116 724 2140 von
746 2109 922 2140 Publicius
937 2108 1063 2140 Certus
1078 2109 1283 2149 angeklagt,
1308 2109 1365 2140 fiel
1389 2110 1441 2140 als
1459 2107 1570 2149 Opfer

93 2165 157 2197 der
192 2165 445 2197 Grausamkeit
479 2165 700 2203 Domitians,
729 2166 824 2196 Suet.
854 2165 952 2195 Dom.
981 2163 1032 2194 10.
1086 2164 1220 2194 Plinius
1254 2161 1448 2195 iibernahm
1479 2164 1568 2195 nach

91 2222 153 2253 des
176 2221 370 2261 'l'yranuen
395 2221 493 2252 Tode
517 2222 617 2251 seine
641 2221 932 2260 Reclitfertigung
954 2222 988 2250 in
1011 2220 1075 2251 der
1099 2218 1312 2251 erwiihnten
1337 2219 1478 2251 schrift.

181 2309 213 2339 2.
242 2309 465 2347 deliberare]
497 2311 618 2340 nimmt
650 2310 737 2340 auch
774 2313 877 2340 sonst
901 2308 1086 2339 bisweilen
1111 2309 1209 2338 seine
1235 2308 1342 2339 Stelle
1376 2308 1464 2338 nach
1489 2307 1571 2338 sta-

92 2366 206 2404 tuere,
228 2367 301 2395 wie
326 2365 400 2396 Cic.
425 2366 529 2397 Verr.
554 2366 634 2396 Act.
660 2365 692 2405 2,
721 2365 750 2404 1,
778 2365 806 2396 1.
832 2365 864 2401 3,
889 2364 946 2395 41.
1007 2364 1101 2394 Doch
1128 2364 1290 2394 mochteu
1316 2364 1386 2393 wir
1411 2371 1450 2393 es
1477 2363 1570 2394 nicht

94 2421 155 2449 mit
180 2419 325 2449 Scnfifer
358 2422 393 2449 in
428 2420 560 2450 diesem
585 2420 684 2450 Falle
716 2417 774 2450 fiir
805 2419 1115 2459 gleiehbedeuteud
1142 2419 1256 2449 halten
1283 2419 1344 2449 mit
1368 2418 1571 2456 decernere,

95 2475 248 2505 sondern
274 2476 492 2514 annehmen,
516 2483 555 2505 es
582 2477 762 2515 vereinige
786 2476 859 2505 sicli
886 2476 945 2505 mit
969 2474 1137 2504 statuere
1162 2474 1353 2514 gleichsam
1380 2482 1423 2504 zu
1452 2475 1570 2505 Einem

96 2528 234 2569 Begriff,
258 2537 299 2559 so
323 2530 398 2559 hier
420 2527 497 2559 fiir:
523 2529 756 2560 deliberando
780 2530 934 2560 decrevi.

185 2593 387 2635 pulchram
411 2595 623 2631 materiam]
650 2596 762 2635 vergl.
786 2595 858 2626 Cic.
885 2594 949 2626 Off.
975 2595 1008 2633 2,
1035 2594 1087 2633 14,
1112 2594 1146 2624 7.
1180 2596 1249 2626 etsi
1282 2595 1490 2627 laudabilior
1512 2598 1571 2627 est

96 2649 269 2689 defensio,
293 2654 409 2681 tamen
436 2651 617 2680 accusatio
640 2650 788 2689 probata
811 2658 984 2689 persaepe
1008 2653 1074 2681 est.

185 2725 222 2747 se
243 2716 480 2757 proferendi]
507 2724 535 2745 s.
562 2724 606 2746 zu
630 2714 662 2755 1,
686 2715 740 2755 13,
766 2715 797 2746 1.

185 2784 301 2814 multa
326 2799 367 2804 —
393 2781 617 2818 multorum]
644 2790 672 2811 s.
698 2790 743 2812 zu
767 2782 800 2821 S,
825 2783 858 2822 8,
880 2783 913 2813 7.

185 2856 316 2879 manus
338 2848 548 2885 intulisset]
575 2848 683 2879 sollte
708 2848 771 2879 der
803 2848 927 2879 starke
952 2848 1137 2880 Ausdruck
1168 2856 1235 2880 nur
1264 2849 1322 2881 die
1351 2850 1569 2891 ungerechte

98 2904 260 2943 Anklage
285 2904 515 2944 bezeichnen,
540 2912 580 2934 so
606 2902 708 2934 ware
732 2903 924 2946 allerdings
949 2912 1014 2935 reo
1031 2903 1169 2944 judex,
1200 2906 1273 2936 wie
1297 2905 1420 2945 Gierig
1443 2905 1569 2944 richtig
