1855 3200
636 236 638 239 ’
692 225 791 264 liber
821 226 973 264 tertius.
1500 219 1601 266 165

114 343 373 400 negligebat.
453 340 631 383 Multum
668 341 824 398 ubique
859 342 1086 396 librorum,
1135 341 1310 382 multum
1347 345 1599 394 statuarum,

113 413 285 454 multum
321 410 574 464 imaginum,
610 421 719 464 quas
757 418 839 451 uon
876 408 1060 452 babebat
1094 407 1239 461 modo,
1284 421 1437 451 verum
1472 409 1598 450 etiam

111 478 425 521 venerabatur:
464 476 629 531 Virgilii
665 480 768 518 ante
803 489 965 529 omnes,
1002 478 1124 531 cnjus
1150 476 1332 518 natalem
1355 475 1600 531 religiosius

112 557 236 601 quam
273 558 395 586 suum
432 544 706 600 celebrabat3
744 544 930 599 Neapoli
965 546 1161 600 maxime,
1200 543 1268 585 ubi
1301 543 1597 586 monimentum

111 614 206 667 ejus
253 611 388 667 adire,
439 615 483 652 ut
529 611 752 666 templum,
790 611 969 653 solebat.
1055 611 1103 653 In
1160 610 1242 652 hac
1288 610 1597 666 tranquillitate
1637 608 1662 643 9

109 691 263 721 annum
300 680 489 735 quintum
526 683 569 719 et
604 679 971 733 septuagesimum
1007 678 1213 722 excessit.
1252 677 1434 722 delicato
1460 677 1598 733 magis

108 759 291 803 corpore
327 758 449 802 quam
485 745 662 788 infirmo.
734 745 878 801 thue
913 745 1176 788 novissimus
1201 746 1423 788 aNerone
1458 744 1598 787 factus

112 819 180 857 est
216 815 384 871 consul,
420 814 477 855 ita
514 818 760 869 postremus
796 825 851 855 ex
875 812 1083 870 omnibus,
1121 825 1228 870 quos
1246 813 1366 855 Nero
1392 812 1598 854 consules

112 882 293 934 fecerat,
331 881 536 924 decessit.
608 879 720 922 Illud
758 880 886 923 etiam
922 880 1126 933 notabile,
1161 879 1333 923 ultimus
1369 892 1424 922 ex
1452 881 1597 922 Nero-
1612 885 1665 921 10

111 948 253 990 nianis
289 949 589 991 consularibus
625 947 738 999 obiit,
776 961 858 1004 quo
896 948 1077 991 consule
1105 949 1226 991 Nero
1261 948 1401 1002 periit.
1473 944 1596 999 Quod

107 1029 173 1058 me
204 1015 498 1058 recordantem
536 1015 779 1070 fragilitatis
815 1015 1023 1059 humanae
1043 1014 1260 1058 miseratio
1285 1014 1414 1056 subit.
1486 1011 1596 1066 Quid
1613 1016 1662 1053 11

109 1084 217 1126 enim
253 1088 338 1125 tam
373 1083 678 1137 circumcisum,
717 1087 801 1125 tam
839 1083 987 1134 breve,
1023 1094 1147 1138 quam
1172 1082 1350 1124 hominis
1373 1081 1468 1124 vita
1500 1081 1597 1122 lon-

107 1145 322 1206 gissima?
395 1151 463 1191 An
507 1163 591 1192 non
631 1149 805 1192 videtur
846 1150 921 1191 tibi
956 1152 1077 1192 Nero
1122 1148 1245 1191 modo
1291 1149 1454 1202 fuisse,
1503 1160 1598 1190 cum

108 1219 275 1259 interim
312 1231 365 1261 ex
404 1218 482 1270 iiS‚
529 1218 598 1273 qui
635 1217 714 1258 sub
763 1217 832 1259 illo
879 1219 1113 1271 gesserant
1148 1216 1437 1270 consulatum,
1474 1226 1598 1257 nemo

100 1287 190 1340 jam
219 1279 454 1341 superest?
512 1283 773 1339 Quamquam
810 1282 906 1340 quid
943 1283 1023 1325 hoc
1059 1276 1221 1325 mifor‘?
1268 1283 1419 1339 Nuper
1437 1282 1599 1323 Lucius
1614 1290 1663 1325 12

109 1352 234 1405 Piso,
270 1356 394 1408 pater
429 1352 600 1394 Pisonis
637 1351 769 1406 illius,
808 1351 877 1407 qui
913 1363 938 1392 a
979 1350 1152 1393 Valerio
1188 1350 1324 1392 Festo
1359 1362 1440 1407 per
1478 1363 1597 1391 sum-

107 1433 217 1462 mum
254 1420 418 1461 facinus
457 1420 494 1461 in
518 1419 665 1461 Africa
704 1419 874 1460 occisus
912 1422 995 1476 est,
1034 1417 1180 1461 dicere
1217 1417 1408 1460 solebat:
1444 1417 1596 1460 Nemi-

110 1500 206 1528 nem
241 1501 290 1530 se
325 1486 481 1530 videre
526 1487 567 1528 in
611 1492 788 1543 senatu7
837 1499 963 1543 quem
1004 1486 1156 1528 consul
1201 1485 1299 1541 ipse
1339 1484 1598 1528 sententiam

109 1555 372 1607 rogavisset.
465 1555 571 1595 Tam
623 1554 820 1608 angustis
877 1553 1070 1596 terminis
1124 1556 1272 1595 tantae
1314 1551 1663 1596 multitudinis13

109 1619 323 1663 vivacitas
359 1620 452 1676 ipsa
488 1620 779 1662 concluditur:
815 1624 862 1662 ut
897 1619 994 1661 mihi
1017 1632 1099 1662 non
1116 1620 1248 1663 venia
1270 1619 1406 1662 solum
1425 1619 1595 1675 dignae,

196 1795 306 1836 cuju-5·
330 1799 510 1836 natalem]
538 1799 612 1830 Der
628 1798 846 1839 Geburtstag
868 1799 1189 1839 ausgezeichneter
1203 1796 1353 1829 Miinner
1375 1796 1502 1828 wurde
1523 1804 1595 1827 von

107 1854 174 1885 den
199 1854 403 1884 Verehrern
436 1854 623 1885 derselben
652 1855 741 1885 nach
776 1855 887 1884 ihren]
912 1853 1012 1885 Tode
1036 1854 1201 1886 seierlich
1236 1854 1431 1894 begangen,
1465 1853 1594 1883 Senec-

108 1918 161 1950 ep.
188 1909 242 1940 64.
270 1918 311 1940 so
336 1910 399 1940 der
423 1910 485 1940 des
512 1910 654 1949 Epikur,
678 1910 764 1940 Plin.
792 1911 831 1940 Η.
859 1910 898 1940 N.
924 1911 978 1949 35,
1004 1910 1038 1941 2.

197 1977 408 2017 reliyz’osius
438 1985 549 2018 quam
579 1978 706 2014 suzmz]
742 1985 783 2007 so
820 1977 943 2008 Horat.
969 1976 1034 2008 Od.
1058 1975 1093 2016 4,
1118 1975 1174 2016 11,
1200 1975 1266 2007 17:
1302 1975 1387 2018 Jure
1421 1975 1594 2007 solemnis

105 2034 188 2065 mihi
212 2035 440 2072 sanctiorque
463 2041 577 2072 paene
601 2033 704 2063 natali
731 2034 886 2072 proprio.
912 2032 1037 2074 Vergl.
1063 2032 1253 2065 censorin.
1276 2032 1308 2063 d.
1332 2032 1388 2064 die
1413 2033 1482 2063 nat.
1506 2031 1539 2061 3.

195 2099 478 2135 monimentum]
506 2109 534 2131 s.
560 2099 714 2131 martial.
744 2098 796 2140 11,
820 2099 878 2130 49.

197 2190 250 2224 11.
277 2189 355 2221 tam
378 2186 657 2224 circumcisum]
683 2189 751 2220 Die
767 2189 902 2227 Klagen
926 2186 1018 2221 iiber
1041 2189 1098 2221 die
1119 2186 1245 2220 Kiirze
1270 2188 1333 2220 des
1349 2187 1491 2219 Lebens
1514 2185 1589 2218 sind

105 2254 150 2277 zu
174 2246 267 2277 allen
290 2245 413 2277 Zeiten
438 2253 542 2286 gross
566 2254 751 2286 gewesen.
778 2246 920 2277 Sallust.
947 2245 1026 2277 Cat.
1051 2245 1084 2276 1.
1108 2247 1233 2276 Senec.
1259 2253 1314 2284 ep.
1338 2243 1395 2274 49.
1420 2242 1465 2273 al.

194 2314 383 2353 superest]
403 2315 481 2344 Man
498 2317 693 2344 eru-arcete
711 2314 797 2343 uach
815 2313 891 2344 dem
907 2313 1126 2344 classischen
1143 2311 1461 2352 Sprachgebrauch
1480 2309 1591 2341 aller-

104 2368 205 2407 dings
229 2370 408 2408 supersit,
441 2368 529 2398 doch
564 2369 688 2399 bedarf
716 2377 755 2399 es
787 2369 933 2399 deshall)
964 2370 1062 2400 nicht:
1093 2369 1155 2400 der
1179 2366 1389 2408 Conjectur:
1421 2365 1589 2404 superest

107 2424 278 2462 Beispiele
310 2424 373 2454 des
398 2424 585 2455 ludicativs
617 2426 652 2455 in
683 2424 840 2455 solcliem
864 2424 964 2455 Falle
995 2424 1112 2455 finden
1137 2425 1209 2455 sich
1242 2423 1356 2454 iifters
1390 2423 1424 2450 in
1455 2421 1589 2450 diesem

106 2480 289 2511 Zeitalter.

194 2546 321 2577 trottae
348 2547 615 2582 multitudinis]
644 2548 734 2578 nass
756 2548 839 2578 Piso
864 2555 934 2577 von
959 2544 1026 2575 600
1039 2546 1236 2575 Senatoren
1261 2542 1393 2574 keinen
1420 2543 1518 2574 mehr
1542 2543 1588 2573 im

105 2602 213 2630 Senat
243 2601 449 2639 beiuerkte,
481 2602 619 2632 erkliirt
650 2603 721 2632 sich
759 2601 930 2633 natiirlich
966 2608 1031 2631 aus
1049 2597 1159 2640 jenen
1194 2597 1430 2630 stiirmisclien
1453 2599 1590 2637 Zeiten‚

106 2654 243 2685 welche
268 2655 371 2685 Viele
397 2656 607 2695 gewaltsam
633 2656 891 2692 danim-amen,
916 2655 1017 2686 Viele
1041 2654 1305 2693 veranlassten‚
1327 2656 1406 2686 sich
1431 2662 1503 2686 von
1525 2654 1589 2685 der

106 2710 334 2741 Tlieiluahme
370 2718 415 2741 au
457 2711 523 2740 den
561 2709 783 2741 ijffeutlichen
822 2710 1121 2750 Vei-handluugen
1165 2710 1221 2741 bei
1257 2710 1383 2742 Zeiten
1431 2707 1588 2741 zuriick-

107 2767 268 2797 zuziebn.

201 2853 254 2885 13.
282 2855 482 2891 vivacitas]
508 2857 562 2886 ein
580 2854 701 2894 spater
724 2856 919 2896 gebildetes
935 2856 1045 2888 VVort
1069 2853 1142 2887 fiir:
1170 2855 1447 2893 „Lebenskraft‚
1472 2854 1592 2884 Bauer

108 2911 169 2941 des
196 2909 356 2942 Lebeus⁴‘
382 2910 564 2942 Columell.
589 2911 622 2949 2,
640 2912 670 2942 3.
703 2912 803 2951 Apul.
831 2911 860 2942 d.
891 2912 1018 2944 inundo
1045 2922 1075 2952 p.
1091 2912 1144 2944 58.
1173 2911 1320 2952 „tanges
1347 2909 1490 2941 beben“
1517 2908 1592 2938 val.
