<?xml version="1.0" encoding="UTF-8"?>
<!DOCTYPE html PUBLIC "-//W3C//DTD XHTML 1.0 Transitional//EN"
    "http://www.w3.org/TR/xhtml1/DTD/xhtml1-transitional.dtd">
<html xmlns="http://www.w3.org/1999/xhtml" xml:lang="en" lang="en">
 <head>
  <title>
</title>
<meta http-equiv="Content-Type" content="text/html;charset=utf-8" />
  <meta name='ocr-system' content='tesseract 3.04.00' />
  <meta name='ocr-capabilities' content='ocr_page ocr_carea ocr_par ocr_line ocrx_word'/>
</head>
<body>
  <div class='ocr_page' id='page_1' title='image "./epistolae01plinuoft_0346.png"; bbox 0 0 1855 3200; ppageno 0'>
   <div class='ocr_carea' id='block_1_1' title="bbox 223 166 1190 216">
    <p class='ocr_par' dir='ltr' id='par_1_1' title="bbox 223 166 1190 216">
     <span class='ocr_line' id='line_1_1' title="bbox 223 166 1190 216; baseline -0.007 -5"><span class='ocrx_word' id='word_1_1' title='bbox 223 166 328 211; x_wconf 70' lang='lat'>302</span> <span class='ocrx_word' id='word_1_2' title='bbox 791 169 908 207; x_wconf 87' lang='lat' dir='ltr'>Plinii</span> <span class='ocrx_word' id='word_1_3' title='bbox 938 169 1190 216; x_wconf 83' lang='lat' dir='ltr'>epistolarum</span> 
     </span>
    </p>
   </div>
   <div class='ocr_carea' id='block_1_2' title="bbox 179 281 1717 1957">
    <p class='ocr_par' dir='ltr' id='par_1_2' title="bbox 179 281 1717 1957">
     <span class='ocr_line' id='line_1_2' title="bbox 184 281 1708 338; baseline 0 -12"><span class='ocrx_word' id='word_1_4' title='bbox 184 284 414 330; x_wconf 80' lang='lat' dir='ltr'>3Cornulo</span> <span class='ocrx_word' id='word_1_5' title='bbox 452 283 595 327; x_wconf 86' lang='lat' dir='ltr'>datum</span> <span class='ocrx_word' id='word_1_6' title='bbox 629 283 775 328; x_wconf 89' lang='lat' dir='ltr'>video.</span> <span class='ocrx_word' id='word_1_7' title='bbox 847 284 1005 338; x_wconf 84' lang='lat' dir='ltr'><strong>Neque</strong></span> <span class='ocrx_word' id='word_1_8' title='bbox 1023 282 1133 325; x_wconf 86' lang='lat' dir='ltr'>enim</span> <span class='ocrx_word' id='word_1_9' title='bbox 1159 281 1547 338; x_wconf 80' lang='lat' dir='ltr'>augeridignitatc,</span> <span class='ocrx_word' id='word_1_10' title='bbox 1584 293 1708 338; x_wconf 87' lang='lat' dir='ltr'>quam</span> 
     </span>
     <span class='ocr_line' id='line_1_3' title="bbox 222 346 1707 410; baseline -0.004 -14"><span class='ocrx_word' id='word_1_11' title='bbox 222 353 399 410; x_wconf 86' lang='lat' dir='ltr'>aequari</span> <span class='ocrx_word' id='word_1_12' title='bbox 434 353 571 405; x_wconf 80' lang='lat' dir='ltr'>bonis,</span> <span class='ocrx_word' id='word_1_13' title='bbox 607 350 788 407; x_wconf 83' lang='lat' dir='ltr'>gratius.</span> <span class='ocrx_word' id='word_1_14' title='bbox 862 346 1051 391; x_wconf 89' lang='lat' dir='ltr'>Cornuto</span> <span class='ocrx_word' id='word_1_15' title='bbox 1088 353 1230 391; x_wconf 86' lang='lat' dir='ltr'>autem</span> <span class='ocrx_word' id='word_1_16' title='bbox 1264 348 1366 405; x_wconf 89' lang='lat' dir='ltr'>quid</span> <span class='ocrx_word' id='word_1_17' title='bbox 1401 350 1570 403; x_wconf 82' lang='lat' dir='ltr'>melius,</span> <span class='ocrx_word' id='word_1_18' title='bbox 1607 348 1707 406; x_wconf 92' lang='lat' dir='ltr'>quid</span> 
     </span>
     <span class='ocr_line' id='line_1_4' title="bbox 222 406 1708 475; baseline -0.003 -13"><span class='ocrx_word' id='word_1_19' title='bbox 222 413 447 463; x_wconf 69' lang='lat' dir='ltr'>sanctius?</span> <span class='ocrx_word' id='word_1_20' title='bbox 494 417 593 475; x_wconf 88' lang='lat' dir='ltr'>quid</span> <span class='ocrx_word' id='word_1_21' title='bbox 638 418 680 459; x_wconf 89' lang='lat' dir='ltr'>in</span> <span class='ocrx_word' id='word_1_22' title='bbox 715 416 828 459; x_wconf 89' lang='lat' dir='ltr'>omui</span> <span class='ocrx_word' id='word_1_23' title='bbox 870 428 1035 471; x_wconf 79' lang='lat' dir='ltr'>genere</span> <span class='ocrx_word' id='word_1_24' title='bbox 1069 414 1209 457; x_wconf 87' lang='lat' dir='ltr'>laudis</span> <span class='ocrx_word' id='word_1_25' title='bbox 1244 416 1298 457; x_wconf 89' lang='lat' dir='ltr'>ad</span> <span class='ocrx_word' id='word_1_26' title='bbox 1335 406 1556 472; x_wconf 84' lang='lat' dir='ltr'>exemplar</span> <span class='ocrx_word' id='word_1_27' title='bbox 1591 416 1708 459; x_wconf 86' lang='lat' dir='ltr'>anti-</span> 
     </span>
     <span class='ocr_line' id='line_1_5' title="bbox 221 477 1706 544; baseline -0.003 -15"><span class='ocrx_word' id='word_1_28' title='bbox 221 488 394 544; x_wconf 79' lang='lat' dir='ltr'>quitatis</span> <span class='ocrx_word' id='word_1_29' title='bbox 431 477 719 541; x_wconf 68' lang='lat' dir='ltr'>expressius?</span> <span class='ocrx_word' id='word_1_30' title='bbox 802 481 926 535; x_wconf 82' lang='lat' dir='ltr'>Quod</span> <span class='ocrx_word' id='word_1_31' title='bbox 962 481 1061 524; x_wconf 86' lang='lat' dir='ltr'>mihi</span> <span class='ocrx_word' id='word_1_32' title='bbox 1107 482 1322 537; x_wconf 88' lang='lat' dir='ltr'>cognitum</span> <span class='ocrx_word' id='word_1_33' title='bbox 1359 488 1428 526; x_wconf 86' lang='lat' dir='ltr'>est</span> <span class='ocrx_word' id='word_1_34' title='bbox 1462 497 1544 526; x_wconf 87' lang='lat' dir='ltr'>non</span> <span class='ocrx_word' id='word_1_35' title='bbox 1580 485 1706 540; x_wconf 84' lang='lat' dir='ltr'>sama,</span> 
     </span>
     <span class='ocr_line' id='line_1_6' title="bbox 222 550 1710 610; baseline -0.001 -15"><span class='ocrx_word' id='word_1_36' title='bbox 222 568 305 610; x_wconf 86' lang='lat' dir='ltr'>qua</span> <span class='ocrx_word' id='word_1_37' title='bbox 326 554 483 608; x_wconf 81' lang='lat' dir='ltr'>alioqui</span> <span class='ocrx_word' id='word_1_38' title='bbox 503 552 658 607; x_wconf 87' lang='lat' dir='ltr'>optima.</span> <span class='ocrx_word' id='word_1_39' title='bbox 695 555 739 594; x_wconf 89' lang='lat' dir='ltr'>et</span> <span class='ocrx_word' id='word_1_40' title='bbox 761 550 1035 609; x_wconf 83' lang='lat' dir='ltr'>meritissima</span> <span class='ocrx_word' id='word_1_41' title='bbox 1052 550 1220 607; x_wconf 80' lang='lat' dir='ltr'>fruitur,</span> <span class='ocrx_word' id='word_1_42' title='bbox 1258 550 1335 593; x_wconf 89' lang='lat' dir='ltr'>sed</span> <span class='ocrx_word' id='word_1_43' title='bbox 1359 551 1498 606; x_wconf 86' lang='lat' dir='ltr'>longis</span> <span class='ocrx_word' id='word_1_44' title='bbox 1516 553 1710 607; x_wconf 85' lang='lat' dir='ltr'>magnis-</span> 
     </span>
     <span class='ocr_line' id='line_1_7' title="bbox 183 616 1711 678; baseline -0.001 -17"><span class='ocrx_word' id='word_1_45' title='bbox 183 625 306 678; x_wconf 79' lang='lat' dir='ltr'>4que</span> <span class='ocrx_word' id='word_1_46' title='bbox 344 619 664 675; x_wconf 76' lang='lat' dir='ltr'>experimentis.</span> <span class='ocrx_word' id='word_1_47' title='bbox 746 619 844 662; x_wconf 91' lang='lat' dir='ltr'>Una</span> <span class='ocrx_word' id='word_1_48' title='bbox 888 617 1123 673; x_wconf 79' lang='lat' dir='ltr'>diligimus,</span> <span class='ocrx_word' id='word_1_49' title='bbox 1167 630 1250 659; x_wconf 82' lang='lat' dir='ltr'>una</span> <span class='ocrx_word' id='word_1_50' title='bbox 1293 616 1518 660; x_wconf 82' lang='lat' dir='ltr'>dileximus</span> <span class='ocrx_word' id='word_1_51' title='bbox 1564 632 1711 661; x_wconf 88' lang='lat' dir='ltr'>omnes</span> 
     </span>
     <span class='ocr_line' id='line_1_8' title="bbox 220 683 1708 743; baseline -0.003 -13"><span class='ocrx_word' id='word_1_52' title='bbox 220 690 327 741; x_wconf 78' lang='lat' dir='ltr'>sere,</span> <span class='ocrx_word' id='word_1_53' title='bbox 365 700 473 742; x_wconf 88' lang='lat' dir='ltr'>quos</span> <span class='ocrx_word' id='word_1_54' title='bbox 496 689 618 728; x_wconf 82' lang='lat' dir='ltr'>aetas</span> <span class='ocrx_word' id='word_1_55' title='bbox 655 691 807 728; x_wconf 85' lang='lat' dir='ltr'>nostra</span> <span class='ocrx_word' id='word_1_56' title='bbox 840 686 882 727; x_wconf 89' lang='lat' dir='ltr'>in</span> <span class='ocrx_word' id='word_1_57' title='bbox 918 689 1100 741; x_wconf 80' lang='lat' dir='ltr'>utroque</span> <span class='ocrx_word' id='word_1_58' title='bbox 1135 697 1246 727; x_wconf 85' lang='lat' dir='ltr'>sexu</span> <span class='ocrx_word' id='word_1_59' title='bbox 1281 683 1560 727; x_wconf 83' lang='lat' dir='ltr'>aemulandos</span> <span class='ocrx_word' id='word_1_60' title='bbox 1591 686 1708 743; x_wconf 61' lang='lat' dir='ltr'>tulit,</span> 
     </span>
     <span class='ocr_line' id='line_1_9' title="bbox 220 752 1713 811; baseline -0.002 -15"><span class='ocrx_word' id='word_1_61' title='bbox 220 767 332 811; x_wconf 86' lang='lat' dir='ltr'>quae</span> <span class='ocrx_word' id='word_1_62' title='bbox 367 755 559 797; x_wconf 82' lang='lat' dir='ltr'>societas</span> <span class='ocrx_word' id='word_1_63' title='bbox 594 754 873 796; x_wconf 80' lang='lat' dir='ltr'>amicitiarum</span> <span class='ocrx_word' id='word_1_64' title='bbox 908 753 1148 796; x_wconf 87' lang='lat' dir='ltr'>arctissima</span> <span class='ocrx_word' id='word_1_65' title='bbox 1185 765 1265 794; x_wconf 89' lang='lat' dir='ltr'>nos</span> <span class='ocrx_word' id='word_1_66' title='bbox 1293 752 1584 796; x_wconf 78' lang='lat' dir='ltr'>familiaritate</span> <span class='ocrx_word' id='word_1_67' title='bbox 1605 763 1713 793; x_wconf 89' lang='lat' dir='ltr'>con-</span> 
     </span>
     <span class='ocr_line' id='line_1_10' title="bbox 179 818 1712 877; baseline -0.004 -11"><span class='ocrx_word' id='word_1_68' title='bbox 179 830 207 866; x_wconf 87' lang='lat'>5</span> <span class='ocrx_word' id='word_1_69' title='bbox 214 822 371 877; x_wconf 83' lang='lat' dir='ltr'>junxit.</span> <span class='ocrx_word' id='word_1_70' title='bbox 444 821 646 864; x_wconf 78' lang='lat' dir='ltr'>Accessit</span> <span class='ocrx_word' id='word_1_71' title='bbox 680 821 898 865; x_wconf 82' lang='lat' dir='ltr'>vinculum</span> <span class='ocrx_word' id='word_1_72' title='bbox 934 818 1268 864; x_wconf 78' lang='lat' dir='ltr'>necessitudmis</span> <span class='ocrx_word' id='word_1_73' title='bbox 1305 819 1521 876; x_wconf 88' lang='lat' dir='ltr'>publicae.</span> <span class='ocrx_word' id='word_1_74' title='bbox 1591 818 1712 861; x_wconf 89' lang='lat' dir='ltr'>Idem</span> 
     </span>
     <span class='ocr_line' id='line_1_11' title="bbox 221 886 1712 946; baseline -0.002 -13"><span class='ocrx_word' id='word_1_75' title='bbox 221 890 330 933; x_wconf 86' lang='lat' dir='ltr'>enim</span> <span class='ocrx_word' id='word_1_76' title='bbox 366 889 480 944; x_wconf 89' lang='lat' dir='ltr'>mihi,</span> <span class='ocrx_word' id='word_1_77' title='bbox 518 893 562 931; x_wconf 86' lang='lat' dir='ltr'>ut</span> <span class='ocrx_word' id='word_1_78' title='bbox 599 889 705 944; x_wconf 87' lang='lat' dir='ltr'>scis,</span> <span class='ocrx_word' id='word_1_79' title='bbox 743 889 938 946; x_wconf 82' lang='lat' dir='ltr'>collega,</span> <span class='ocrx_word' id='word_1_80' title='bbox 975 888 1099 945; x_wconf 82' lang='lat' dir='ltr'>quasi</span> <span class='ocrx_word' id='word_1_81' title='bbox 1134 890 1237 931; x_wconf 79' lang='lat' dir='ltr'>voto</span> <span class='ocrx_word' id='word_1_82' title='bbox 1274 888 1464 944; x_wconf 77' lang='lat' dir='ltr'>petitus,</span> <span class='ocrx_word' id='word_1_83' title='bbox 1498 886 1544 928; x_wconf 92' lang='lat' dir='ltr'>in</span> <span class='ocrx_word' id='word_1_84' title='bbox 1578 898 1712 943; x_wconf 84' lang='lat' dir='ltr'>prae-</span> 
     </span>
     <span class='ocr_line' id='line_1_12' title="bbox 219 953 1716 1012; baseline -0.004 -11"><span class='ocrx_word' id='word_1_85' title='bbox 219 958 386 1001; x_wconf 86' lang='lat' dir='ltr'>fectura</span> <span class='ocrx_word' id='word_1_86' title='bbox 422 956 583 1000; x_wconf 90' lang='lat' dir='ltr'>aerarii</span> <span class='ocrx_word' id='word_1_87' title='bbox 617 957 718 1000; x_wconf 88' lang='lat' dir='ltr'>fuit:</span> <span class='ocrx_word' id='word_1_88' title='bbox 764 956 841 1000; x_wconf 90' lang='lat' dir='ltr'>fuit</span> <span class='ocrx_word' id='word_1_89' title='bbox 876 961 920 1000; x_wconf 84' lang='lat' dir='ltr'>et</span> <span class='ocrx_word' id='word_1_90' title='bbox 953 957 998 998; x_wconf 89' lang='lat' dir='ltr'>in</span> <span class='ocrx_word' id='word_1_91' title='bbox 1031 955 1272 1003; x_wconf 82' lang='lat' dir='ltr'>consulatu,</span> <span class='ocrx_word' id='word_1_92' title='bbox 1352 955 1461 997; x_wconf 91' lang='lat' dir='ltr'>Tum</span> <span class='ocrx_word' id='word_1_93' title='bbox 1496 966 1606 1012; x_wconf 85' lang='lat' dir='ltr'>ego,</span> <span class='ocrx_word' id='word_1_94' title='bbox 1643 953 1716 1010; x_wconf 89' lang='lat' dir='ltr'>qui</span> 
     </span>
     <span class='ocr_line' id='line_1_13' title="bbox 220 1023 1716 1082; baseline -0.004 -14"><span class='ocrx_word' id='word_1_95' title='bbox 220 1024 291 1068; x_wconf 82' lang='lat' dir='ltr'>vir</span> <span class='ocrx_word' id='word_1_96' title='bbox 329 1030 371 1069; x_wconf 86' lang='lat' dir='ltr'>et</span> <span class='ocrx_word' id='word_1_97' title='bbox 409 1028 597 1082; x_wconf 84' lang='lat' dir='ltr'>quantus</span> <span class='ocrx_word' id='word_1_98' title='bbox 632 1029 778 1079; x_wconf 85' lang='lat' dir='ltr'>esset,</span> <span class='ocrx_word' id='word_1_99' title='bbox 815 1023 1025 1067; x_wconf 83' lang='lat' dir='ltr'>altissime</span> <span class='ocrx_word' id='word_1_100' title='bbox 1059 1023 1255 1080; x_wconf 82' lang='lat' dir='ltr'>inspexi,</span> <span class='ocrx_word' id='word_1_101' title='bbox 1292 1035 1388 1066; x_wconf 91' lang='lat' dir='ltr'>cum</span> <span class='ocrx_word' id='word_1_102' title='bbox 1423 1034 1634 1079; x_wconf 89' lang='lat' dir='ltr'>sequerer</span> <span class='ocrx_word' id='word_1_103' title='bbox 1670 1024 1716 1063; x_wconf 84' lang='lat' dir='ltr'>ut</span> 
     </span>
     <span class='ocr_line' id='line_1_14' title="bbox 219 1087 1715 1151; baseline -0.003 -16"><span class='ocrx_word' id='word_1_104' title='bbox 219 1093 492 1151; x_wconf 81' lang='lat' dir='ltr'>magistrum,</span> <span class='ocrx_word' id='word_1_105' title='bbox 539 1098 585 1135; x_wconf 87' lang='lat' dir='ltr'>ut</span> <span class='ocrx_word' id='word_1_106' title='bbox 620 1096 840 1150; x_wconf 89' lang='lat' dir='ltr'>parentem</span> <span class='ocrx_word' id='word_1_107' title='bbox 886 1105 1090 1135; x_wconf 82' lang='lat' dir='ltr'>vererer:</span> <span class='ocrx_word' id='word_1_108' title='bbox 1138 1090 1250 1147; x_wconf 88' lang='lat' dir='ltr'>quod</span> <span class='ocrx_word' id='word_1_109' title='bbox 1297 1103 1380 1132; x_wconf 90' lang='lat' dir='ltr'>non</span> <span class='ocrx_word' id='word_1_110' title='bbox 1425 1094 1512 1132; x_wconf 85' lang='lat' dir='ltr'>tam</span> <span class='ocrx_word' id='word_1_111' title='bbox 1556 1087 1715 1132; x_wconf 82' lang='lat' dir='ltr'>aetatis</span> 
     </span>
     <span class='ocr_line' id='line_1_15' title="bbox 182 1155 1714 1216; baseline -0.003 -15"><span class='ocrx_word' id='word_1_112' title='bbox 182 1161 491 1214; x_wconf 68' lang='lat' dir='ltr'>fimatur-itate,</span> <span class='ocrx_word' id='word_1_113' title='bbox 537 1173 663 1216; x_wconf 83' lang='lat' dir='ltr'>quam</span> <span class='ocrx_word' id='word_1_114' title='bbox 706 1161 848 1215; x_wconf 84' lang='lat' dir='ltr'>vitae,</span> <span class='ocrx_word' id='word_1_115' title='bbox 894 1159 1152 1203; x_wconf 85' lang='lat' dir='ltr'>merebatur.</span> <span class='ocrx_word' id='word_1_116' title='bbox 1233 1158 1319 1200; x_wconf 90' lang='lat' dir='ltr'>His</span> <span class='ocrx_word' id='word_1_117' title='bbox 1367 1171 1422 1201; x_wconf 82' lang='lat' dir='ltr'>ex</span> <span class='ocrx_word' id='word_1_118' title='bbox 1465 1155 1633 1199; x_wconf 89' lang='lat' dir='ltr'>caussis</span> <span class='ocrx_word' id='word_1_119' title='bbox 1668 1158 1714 1196; x_wconf 87' lang='lat' dir='ltr'>ut</span> 
     </span>
     <span class='ocr_line' id='line_1_16' title="bbox 221 1223 1713 1285; baseline -0.003 -17"><span class='ocrx_word' id='word_1_120' title='bbox 221 1228 308 1282; x_wconf 90' lang='lat' dir='ltr'>illi,</span> <span class='ocrx_word' id='word_1_121' title='bbox 345 1228 411 1269; x_wconf 87' lang='lat' dir='ltr'>sic</span> <span class='ocrx_word' id='word_1_122' title='bbox 447 1227 545 1269; x_wconf 91' lang='lat' dir='ltr'>mihi</span> <span class='ocrx_word' id='word_1_123' title='bbox 578 1228 794 1285; x_wconf 78' lang='lat' dir='ltr'>gratulor:</span> <span class='ocrx_word' id='word_1_124' title='bbox 830 1240 910 1270; x_wconf 88' lang='lat' dir='ltr'>nec</span> <span class='ocrx_word' id='word_1_125' title='bbox 946 1226 1146 1282; x_wconf 64' lang='lat' dir='ltr'>privatim</span> <span class='ocrx_word' id='word_1_126' title='bbox 1180 1225 1334 1281; x_wconf 77' lang='lat' dir='ltr'>magis,</span> <span class='ocrx_word' id='word_1_127' title='bbox 1371 1227 1494 1280; x_wconf 85' lang='lat' dir='ltr'>quam</span> <span class='ocrx_word' id='word_1_128' title='bbox 1531 1223 1713 1279; x_wconf 73' lang='lat' dir='ltr'>publice-3</span> 
     </span>
     <span class='ocr_line' id='line_1_17' title="bbox 222 1288 1713 1351; baseline -0.005 -14"><span class='ocrx_word' id='word_1_129' title='bbox 222 1293 334 1351; x_wconf 91' lang='lat' dir='ltr'>quod</span> <span class='ocrx_word' id='word_1_130' title='bbox 371 1293 543 1338; x_wconf 87' lang='lat' dir='ltr'>tandem</span> <span class='ocrx_word' id='word_1_131' title='bbox 579 1294 774 1337; x_wconf 71' lang='lat' dir='ltr'>hemines</span> <span class='ocrx_word' id='word_1_132' title='bbox 809 1307 895 1337; x_wconf 90' lang='lat' dir='ltr'>non</span> <span class='ocrx_word' id='word_1_133' title='bbox 932 1292 988 1336; x_wconf 90' lang='lat' dir='ltr'>ad</span> <span class='ocrx_word' id='word_1_134' title='bbox 1023 1293 1235 1350; x_wconf 85' lang='lat' dir='ltr'>pericula,</span> <span class='ocrx_word' id='word_1_135' title='bbox 1281 1296 1327 1334; x_wconf 85' lang='lat' dir='ltr'>ut</span> <span class='ocrx_word' id='word_1_136' title='bbox 1370 1292 1514 1348; x_wconf 90' lang='lat' dir='ltr'>prius,</span> <span class='ocrx_word' id='word_1_137' title='bbox 1561 1288 1713 1334; x_wconf 88' lang='lat' dir='ltr'>verum</span> 
     </span>
     <span class='ocr_line' id='line_1_18' title="bbox 184 1357 1716 1418; baseline -0.003 -15"><span class='ocrx_word' id='word_1_138' title='bbox 184 1361 277 1403; x_wconf 59' lang='lat' dir='ltr'>vad</span> <span class='ocrx_word' id='word_1_139' title='bbox 321 1361 510 1405; x_wconf 86' lang='lat' dir='ltr'>honores</span> <span class='ocrx_word' id='word_1_140' title='bbox 558 1363 719 1406; x_wconf 89' lang='lat' dir='ltr'>virtute</span> <span class='ocrx_word' id='word_1_141' title='bbox 764 1362 1037 1418; x_wconf 84' lang='lat' dir='ltr'>perveniunt.</span> <span class='ocrx_word' id='word_1_142' title='bbox 1128 1361 1178 1402; x_wconf 91' lang='lat' dir='ltr'>In</span> <span class='ocrx_word' id='word_1_143' title='bbox 1231 1359 1437 1401; x_wconf 89' lang='lat' dir='ltr'>infinitum</span> <span class='ocrx_word' id='word_1_144' title='bbox 1490 1357 1716 1413; x_wconf 78' lang='lat' dir='ltr'>epistolam</span> 
     </span>
     <span class='ocr_line' id='line_1_19' title="bbox 223 1424 1715 1486; baseline -0.005 -14"><span class='ocrx_word' id='word_1_145' title='bbox 223 1429 478 1486; x_wconf 85' lang='lat' dir='ltr'>extendam,</span> <span class='ocrx_word' id='word_1_146' title='bbox 517 1430 555 1471; x_wconf 89' lang='lat' dir='ltr'>si</span> <span class='ocrx_word' id='word_1_147' title='bbox 590 1428 747 1485; x_wconf 83' lang='lat' dir='ltr'>gaudio</span> <span class='ocrx_word' id='word_1_148' title='bbox 784 1442 876 1472; x_wconf 90' lang='lat' dir='ltr'>meo</span> <span class='ocrx_word' id='word_1_149' title='bbox 911 1429 1169 1483; x_wconf 82' lang='lat' dir='ltr'>indulgeam.</span> <span class='ocrx_word' id='word_1_150' title='bbox 1254 1427 1521 1469; x_wconf 82' lang='lat' dir='ltr'>Praevertor</span> <span class='ocrx_word' id='word_1_151' title='bbox 1556 1424 1611 1465; x_wconf 89' lang='lat' dir='ltr'>ad</span> <span class='ocrx_word' id='word_1_152' title='bbox 1648 1436 1715 1478; x_wconf 83' lang='lat' dir='ltr'>ea,-</span> 
     </span>
     <span class='ocr_line' id='line_1_20' title="bbox 184 1490 1716 1553; baseline -0.003 -17"><span class='ocrx_word' id='word_1_153' title='bbox 184 1501 337 1553; x_wconf 79' lang='lat' dir='ltr'>Squae</span> <span class='ocrx_word' id='word_1_154' title='bbox 370 1509 458 1551; x_wconf 85' lang='lat' dir='ltr'>me,</span> <span class='ocrx_word' id='word_1_155' title='bbox 496 1501 696 1551; x_wconf 74' lang='lat' dir='ltr'>agentem</span> <span class='ocrx_word' id='word_1_156' title='bbox 731 1495 826 1549; x_wconf 82' lang='lat' dir='ltr'>hic,</span> <span class='ocrx_word' id='word_1_157' title='bbox 863 1496 1037 1537; x_wconf 85' lang='lat' dir='ltr'>nuntius</span> <span class='ocrx_word' id='word_1_158' title='bbox 1075 1492 1374 1550; x_wconf 86' lang='lat' dir='ltr'>deprehendit.</span> <span class='ocrx_word' id='word_1_159' title='bbox 1456 1490 1588 1534; x_wconf 88' lang='lat' dir='ltr'>Eram</span> <span class='ocrx_word' id='word_1_160' title='bbox 1623 1502 1716 1533; x_wconf 86' lang='lat' dir='ltr'>cum</span> 
     </span>
     <span class='ocr_line' id='line_1_21' title="bbox 222 1558 1716 1620; baseline -0.004 -14"><span class='ocrx_word' id='word_1_161' title='bbox 222 1576 460 1620; x_wconf 88' lang='lat' dir='ltr'>prosocero</span> <span class='ocrx_word' id='word_1_162' title='bbox 496 1577 605 1616; x_wconf 81' lang='lat' dir='ltr'>men,</span> <span class='ocrx_word' id='word_1_163' title='bbox 641 1575 758 1606; x_wconf 86' lang='lat' dir='ltr'>eram</span> <span class='ocrx_word' id='word_1_164' title='bbox 794 1575 886 1606; x_wconf 91' lang='lat' dir='ltr'>cum</span> <span class='ocrx_word' id='word_1_165' title='bbox 923 1563 1050 1604; x_wconf 84' lang='lat' dir='ltr'>amita</span> <span class='ocrx_word' id='word_1_166' title='bbox 1086 1562 1248 1619; x_wconf 79' lang='lat' dir='ltr'>uxoriS,</span> <span class='ocrx_word' id='word_1_167' title='bbox 1286 1572 1403 1603; x_wconf 86' lang='lat' dir='ltr'>eram</span> <span class='ocrx_word' id='word_1_168' title='bbox 1439 1572 1535 1602; x_wconf 91' lang='lat' dir='ltr'>cum</span> <span class='ocrx_word' id='word_1_169' title='bbox 1569 1558 1716 1601; x_wconf 85' lang='lat' dir='ltr'>amicis</span> 
     </span>
     <span class='ocr_line' id='line_1_22' title="bbox 222 1625 1716 1690; baseline -0.004 -17"><span class='ocrx_word' id='word_1_170' title='bbox 222 1628 293 1673; x_wconf 87' lang='lat' dir='ltr'>diu</span> <span class='ocrx_word' id='word_1_171' title='bbox 348 1630 643 1690; x_wconf 78' lang='lat' dir='ltr'>desideratis3</span> <span class='ocrx_word' id='word_1_172' title='bbox 699 1625 971 1674; x_wconf 88' lang='lat' dir='ltr'>circumibam</span> <span class='ocrx_word' id='word_1_173' title='bbox 1021 1630 1214 1686; x_wconf 84' lang='lat' dir='ltr'>agellos:</span> <span class='ocrx_word' id='word_1_174' title='bbox 1267 1627 1490 1671; x_wconf 84' lang='lat' dir='ltr'>audiebam</span> <span class='ocrx_word' id='word_1_175' title='bbox 1543 1626 1716 1669; x_wconf 87' lang='lat' dir='ltr'>multum</span> 
     </span>
     <span class='ocr_line' id='line_1_23' title="bbox 222 1693 1715 1756; baseline -0.004 -16"><span class='ocrx_word' id='word_1_176' title='bbox 222 1699 482 1742; x_wconf 86' lang='lat' dir='ltr'>rusticarum</span> <span class='ocrx_word' id='word_1_177' title='bbox 510 1699 809 1756; x_wconf 78' lang='lat' dir='ltr'>querelarum3</span> <span class='ocrx_word' id='word_1_178' title='bbox 847 1698 1040 1742; x_wconf 85' lang='lat' dir='ltr'>rationes</span> <span class='ocrx_word' id='word_1_179' title='bbox 1062 1696 1259 1752; x_wconf 86' lang='lat' dir='ltr'>legebam</span> <span class='ocrx_word' id='word_1_180' title='bbox 1280 1696 1441 1738; x_wconf 88' lang='lat' dir='ltr'>invitus</span> <span class='ocrx_word' id='word_1_181' title='bbox 1479 1698 1523 1738; x_wconf 89' lang='lat' dir='ltr'>et</span> <span class='ocrx_word' id='word_1_182' title='bbox 1558 1693 1715 1736; x_wconf 89' lang='lat' dir='ltr'>cursim</span> 
     </span>
     <span class='ocr_line' id='line_1_24' title="bbox 224 1760 1715 1821; baseline -0.005 -14"><span class='ocrx_word' id='word_1_183' title='bbox 224 1764 350 1821; x_wconf 82' lang='lat' dir='ltr'>[aliis</span> <span class='ocrx_word' id='word_1_184' title='bbox 387 1767 497 1809; x_wconf 92' lang='lat' dir='ltr'>enim</span> <span class='ocrx_word' id='word_1_185' title='bbox 531 1765 716 1820; x_wconf 89' lang='lat' dir='ltr'>chartis,</span> <span class='ocrx_word' id='word_1_186' title='bbox 760 1766 858 1807; x_wconf 88' lang='lat' dir='ltr'>aliis</span> <span class='ocrx_word' id='word_1_187' title='bbox 896 1778 988 1806; x_wconf 89' lang='lat' dir='ltr'>sum</span> <span class='ocrx_word' id='word_1_188' title='bbox 1023 1764 1160 1806; x_wconf 88' lang='lat' dir='ltr'>literis</span> <span class='ocrx_word' id='word_1_189' title='bbox 1194 1760 1440 1819; x_wconf 66' lang='lat' dir='ltr'>initiatus),</span> <span class='ocrx_word' id='word_1_190' title='bbox 1488 1772 1715 1817; x_wconf 84' lang='lat' dir='ltr'>coeperam</span> 
     </span>
     <span class='ocr_line' id='line_1_25' title="bbox 184 1827 1716 1888; baseline -0.005 -13"><span class='ocrx_word' id='word_1_191' title='bbox 184 1833 353 1875; x_wconf 84' lang='lat' dir='ltr'>9etiam</span> <span class='ocrx_word' id='word_1_192' title='bbox 390 1833 530 1875; x_wconf 87' lang='lat' dir='ltr'>itineri</span> <span class='ocrx_word' id='word_1_193' title='bbox 566 1845 632 1875; x_wconf 89' lang='lat' dir='ltr'>me</span> <span class='ocrx_word' id='word_1_194' title='bbox 668 1844 944 1888; x_wconf 88' lang='lat' dir='ltr'>praeparare.</span> <span class='ocrx_word' id='word_1_195' title='bbox 1015 1832 1125 1872; x_wconf 84' lang='lat' dir='ltr'>Nam</span> <span class='ocrx_word' id='word_1_196' title='bbox 1144 1827 1337 1872; x_wconf 90' lang='lat' dir='ltr'>includor</span> <span class='ocrx_word' id='word_1_197' title='bbox 1366 1828 1577 1884; x_wconf 86' lang='lat' dir='ltr'>angustiis</span> <span class='ocrx_word' id='word_1_198' title='bbox 1597 1839 1716 1869; x_wconf 91' lang='lat' dir='ltr'>com-</span> 
     </span>
     <span class='ocr_line' id='line_1_26' title="bbox 224 1892 1717 1957; baseline -0.005 -15"><span class='ocrx_word' id='word_1_199' title='bbox 224 1903 407 1953; x_wconf 82' lang='lat' dir='ltr'>meatuS,</span> <span class='ocrx_word' id='word_1_200' title='bbox 444 1912 582 1956; x_wconf 88' lang='lat' dir='ltr'>eoque</span> <span class='ocrx_word' id='word_1_201' title='bbox 618 1899 737 1956; x_wconf 82' lang='lat' dir='ltr'>ipso,</span> <span class='ocrx_word' id='word_1_202' title='bbox 766 1897 902 1957; x_wconf 65' lang='lat' dir='ltr'>{quod</span> <span class='ocrx_word' id='word_1_203' title='bbox 938 1897 1182 1954; x_wconf 84' lang='lat' dir='ltr'>delegatum</span> <span class='ocrx_word' id='word_1_204' title='bbox 1219 1894 1408 1939; x_wconf 87' lang='lat' dir='ltr'>Cornuto</span> <span class='ocrx_word' id='word_1_205' title='bbox 1455 1892 1582 1937; x_wconf 89' lang='lat' dir='ltr'>audio</span> <span class='ocrx_word' id='word_1_206' title='bbox 1619 1894 1717 1936; x_wconf 65' lang='lat' dir='ltr'>osli-⁴</span> 
     </span>
    </p>
   </div>
   <div class='ocr_carea' id='block_1_3' title="bbox 224 2106 1715 2263">
    <p class='ocr_par' dir='ltr' id='par_1_3' title="bbox 224 2106 1715 2263">
     <span class='ocr_line' id='line_1_27' title="bbox 224 2106 1714 2152; baseline -0.005 -10"><span class='ocrx_word' id='word_1_207' title='bbox 224 2110 311 2142; x_wconf 83' lang='lat' dir='ltr'>aber</span> <span class='ocrx_word' id='word_1_208' title='bbox 334 2116 482 2144; x_wconf 84' lang='lat' dir='ltr'>curator</span> <span class='ocrx_word' id='word_1_209' title='bbox 506 2112 604 2144; x_wconf 84' lang='lat' dir='ltr'>alvei</span> <span class='ocrx_word' id='word_1_210' title='bbox 620 2113 761 2145; x_wconf 78' lang='lat' dir='ltr'>Tiberis</span> <span class='ocrx_word' id='word_1_211' title='bbox 785 2115 822 2145; x_wconf 73' lang='lat' dir='ltr'>et</span> <span class='ocrx_word' id='word_1_212' title='bbox 844 2111 1000 2152; x_wconf 79' lang='lat' dir='ltr'>riparum</span> <span class='ocrx_word' id='word_1_213' title='bbox 1025 2115 1062 2144; x_wconf 76' lang='lat' dir='ltr'>ee</span> <span class='ocrx_word' id='word_1_214' title='bbox 1084 2109 1297 2142; x_wconf 82' lang='lat' dir='ltr'>cloacarum.</span> <span class='ocrx_word' id='word_1_215' title='bbox 1346 2108 1454 2140; x_wconf 74' lang='lat' dir='ltr'>Beide‘</span> <span class='ocrx_word' id='word_1_216' title='bbox 1472 2106 1624 2138; x_wconf 86' lang='lat' dir='ltr'>Aemter</span> <span class='ocrx_word' id='word_1_217' title='bbox 1645 2111 1714 2144; x_wconf 82' lang='lat' dir='ltr'>ge-</span> 
     </span>
     <span class='ocr_line' id='line_1_28' title="bbox 225 2156 1715 2204; baseline -0.007 -6"><span class='ocrx_word' id='word_1_218' title='bbox 225 2167 351 2199; x_wconf 74' lang='lat' dir='ltr'>hiirten</span> <span class='ocrx_word' id='word_1_219' title='bbox 376 2176 455 2199; x_wconf 90' lang='lat' dir='ltr'>zum</span> <span class='ocrx_word' id='word_1_220' title='bbox 468 2168 625 2200; x_wconf 75' lang='lat' dir='ltr'>Bessort</span> <span class='ocrx_word' id='word_1_221' title='bbox 647 2169 712 2200; x_wconf 85' lang='lat' dir='ltr'>der</span> <span class='ocrx_word' id='word_1_222' title='bbox 735 2167 964 2199; x_wconf 66' lang='lat' dir='ltr'>&amp;ffentlichen</span> <span class='ocrx_word' id='word_1_223' title='bbox 978 2164 1337 2204; x_wconf 78' lang='lat' dir='ltr'>Wohlrahrtspolizei</span> <span class='ocrx_word' id='word_1_224' title='bbox 1354 2162 1425 2195; x_wconf 85' lang='lat' dir='ltr'>und</span> <span class='ocrx_word' id='word_1_225' title='bbox 1441 2166 1567 2194; x_wconf 82' lang='lat' dir='ltr'>waren</span> <span class='ocrx_word' id='word_1_226' title='bbox 1590 2156 1715 2190; x_wconf 82' lang='lat' dir='ltr'>friiher</span> 
     </span>
     <span class='ocr_line' id='line_1_29' title="bbox 227 2223 982 2263; baseline -0.001 -10"><span class='ocrx_word' id='word_1_227' title='bbox 227 2224 263 2254; x_wconf 88' lang='lat' dir='ltr'>in</span> <span class='ocrx_word' id='word_1_228' title='bbox 287 2224 351 2256; x_wconf 88' lang='lat' dir='ltr'>der</span> <span class='ocrx_word' id='word_1_229' title='bbox 373 2224 512 2256; x_wconf 88' lang='lat' dir='ltr'>Person</span> <span class='ocrx_word' id='word_1_230' title='bbox 536 2224 598 2255; x_wconf 85' lang='lat' dir='ltr'>des</span> <span class='ocrx_word' id='word_1_231' title='bbox 625 2223 767 2255; x_wconf 88' lang='lat' dir='ltr'>Censor</span> <span class='ocrx_word' id='word_1_232' title='bbox 790 2224 982 2263; x_wconf 80' lang='lat' dir='ltr'>vereinigt.</span> 
     </span>
    </p>
   </div>
   <div class='ocr_carea' id='block_1_4' title="bbox 273 2300 939 2355">
    <p class='ocr_par' dir='ltr' id='par_1_4' title="bbox 273 2300 939 2355">
     <span class='ocr_line' id='line_1_30' title="bbox 273 2300 939 2355; baseline 0.002 -13"><span class='ocrx_word' id='word_1_233' title='bbox 273 2342 284 2352; x_wconf 36' lang='grc' dir='ltr'><em>θ</em></span> <span class='ocrx_word' id='word_1_234' title='bbox 317 2312 351 2343; x_wconf 88' lang='grc'>3.</span> <span class='ocrx_word' id='word_1_235' title='bbox 377 2300 638 2355; x_wconf 70' lang='grc' dir='ltr'>αηίὶᾳηίἰαίἱε]</span> <span class='ocrx_word' id='word_1_236' title='bbox 663 2322 693 2344; x_wconf 86' lang='lat' dir='ltr'>s.</span> <span class='ocrx_word' id='word_1_237' title='bbox 719 2320 766 2344; x_wconf 89' lang='lat' dir='ltr'>zu</span> <span class='ocrx_word' id='word_1_238' title='bbox 790 2312 824 2353; x_wconf 77' lang='lat'>2,</span> <span class='ocrx_word' id='word_1_239' title='bbox 849 2313 882 2351; x_wconf 88' lang='grc'>9,</span> <span class='ocrx_word' id='word_1_240' title='bbox 906 2310 939 2343; x_wconf 77' lang='lat'>4.</span> 
     </span>
    </p>
   </div>
   <div class='ocr_carea' id='block_1_5' title="bbox 228 2391 1718 2611">
    <p class='ocr_par' dir='ltr' id='par_1_5' title="bbox 228 2391 1718 2611">
     <span class='ocr_line' id='line_1_31' title="bbox 317 2391 1715 2440; baseline -0.006 -8"><span class='ocrx_word' id='word_1_241' title='bbox 317 2400 352 2432; x_wconf 76' lang='lat'>4.</span> <span class='ocrx_word' id='word_1_242' title='bbox 376 2405 456 2434; x_wconf 75' lang='lat' dir='ltr'>una</span> <span class='ocrx_word' id='word_1_243' title='bbox 479 2419 524 2426; x_wconf 87' lang='lat'><strong>—</strong></span> <span class='ocrx_word' id='word_1_244' title='bbox 548 2402 691 2440; x_wconf 82' lang='lat' dir='ltr'>omnes]</span> <span class='ocrx_word' id='word_1_245' title='bbox 718 2403 804 2434; x_wconf 79' lang='lat' dir='ltr'>Hier</span> <span class='ocrx_word' id='word_1_246' title='bbox 827 2398 1042 2440; x_wconf 78' lang='lat' dir='ltr'>entscliliipft</span> <span class='ocrx_word' id='word_1_247' title='bbox 1068 2398 1147 2430; x_wconf 87' lang='lat' dir='ltr'>dem</span> <span class='ocrx_word' id='word_1_248' title='bbox 1172 2391 1262 2428; x_wconf 73' lang='lat' dir='ltr'>min.</span> <span class='ocrx_word' id='word_1_249' title='bbox 1288 2393 1515 2434; x_wconf 82' lang='lat' dir='ltr'>unbemerkt,</span> <span class='ocrx_word' id='word_1_250' title='bbox 1538 2393 1612 2425; x_wconf 87' lang='lat' dir='ltr'>wie</span> <span class='ocrx_word' id='word_1_251' title='bbox 1637 2391 1715 2424; x_wconf 80' lang='lat' dir='ltr'>dem&#39;</span> 
     </span>
     <span class='ocr_line' id='line_1_32' title="bbox 229 2449 1718 2500; baseline -0.007 -12"><span class='ocrx_word' id='word_1_252' title='bbox 229 2455 362 2489; x_wconf 90' lang='lat' dir='ltr'>Cicero</span> <span class='ocrx_word' id='word_1_253' title='bbox 385 2467 419 2498; x_wconf 86' lang='lat' dir='ltr'>p.</span> <span class='ocrx_word' id='word_1_254' title='bbox 445 2460 555 2491; x_wconf 85' lang='lat' dir='ltr'>Arch.</span> <span class='ocrx_word' id='word_1_255' title='bbox 582 2459 623 2491; x_wconf 86' lang='lat'>1:</span> <span class='ocrx_word' id='word_1_256' title='bbox 649 2460 685 2490; x_wconf 89' lang='lat' dir='ltr'>in</span> <span class='ocrx_word' id='word_1_257' title='bbox 710 2466 777 2500; x_wconf 89' lang='lat' dir='ltr'>quo</span> <span class='ocrx_word' id='word_1_258' title='bbox 802 2466 858 2490; x_wconf 86' lang='lat' dir='ltr'>me</span> <span class='ocrx_word' id='word_1_259' title='bbox 883 2464 953 2487; x_wconf 90' lang='lat' dir='ltr'>non</span> <span class='ocrx_word' id='word_1_260' title='bbox 978 2456 1109 2486; x_wconf 82' lang='lat' dir='ltr'>infitior</span> <span class='ocrx_word' id='word_1_261' title='bbox 1133 2453 1358 2485; x_wconf 84' lang='lat' dir='ltr'>mediocriter</span> <span class='ocrx_word' id='word_1_262' title='bbox 1382 2458 1484 2492; x_wconf 87' lang='lat' dir='ltr'>esse,</span> <span class='ocrx_word' id='word_1_263' title='bbox 1513 2451 1571 2481; x_wconf 89' lang='lat' dir='ltr'>ein</span> <span class='ocrx_word' id='word_1_264' title='bbox 1596 2449 1718 2479; x_wconf 83' lang='lat' dir='ltr'>Hexa-</span> 
     </span>
     <span class='ocr_line' id='line_1_33' title="bbox 228 2505 1718 2556; baseline -0.005 -15"><span class='ocrx_word' id='word_1_265' title='bbox 228 2515 361 2552; x_wconf 83' lang='lat' dir='ltr'>meter,</span> <span class='ocrx_word' id='word_1_266' title='bbox 386 2514 450 2546; x_wconf 74' lang='lat' dir='ltr'>de&#39;r</span> <span class='ocrx_word' id='word_1_267' title='bbox 475 2515 663 2556; x_wconf 84' lang='lat' dir='ltr'>warnung</span> <span class='ocrx_word' id='word_1_268' title='bbox 699 2515 818 2546; x_wconf 86' lang='lat' dir='ltr'>seines</span> <span class='ocrx_word' id='word_1_269' title='bbox 845 2511 999 2544; x_wconf 76' lang='lat' dir='ltr'>Lelircrs</span> <span class='ocrx_word' id='word_1_270' title='bbox 1024 2509 1169 2548; x_wconf 79' lang='lat' dir='ltr'>Quintil.</span> <span class='ocrx_word' id='word_1_271' title='bbox 1194 2509 1227 2548; x_wconf 88' lang='lat'>9,</span> <span class='ocrx_word' id='word_1_272' title='bbox 1251 2508 1273 2540; x_wconf 75' lang='lat'>4</span> <span class='ocrx_word' id='word_1_273' title='bbox 1299 2507 1479 2539; x_wconf 80' lang='lat' dir='ltr'>zuwider:</span> <span class='ocrx_word' id='word_1_274' title='bbox 1515 2513 1560 2537; x_wconf 88' lang='lat' dir='ltr'>ne</span> <span class='ocrx_word' id='word_1_275' title='bbox 1584 2505 1718 2544; x_wconf 80' lang='lat' dir='ltr'>impru-</span> 
     </span>
     <span class='ocr_line' id='line_1_34' title="bbox 229 2565 1260 2611; baseline 0 -14"><span class='ocrx_word' id='word_1_276' title='bbox 229 2565 327 2597; x_wconf 84' lang='lat' dir='ltr'>denti</span> <span class='ocrx_word' id='word_1_277' title='bbox 352 2569 414 2599; x_wconf 84' lang='lat' dir='ltr'>tibi</span> <span class='ocrx_word' id='word_1_278' title='bbox 439 2579 568 2603; x_wconf 84' lang='lat' dir='ltr'>versus</span> <span class='ocrx_word' id='word_1_279' title='bbox 588 2571 672 2603; x_wconf 87' lang='lat' dir='ltr'>loco</span> <span class='ocrx_word' id='word_1_280' title='bbox 697 2578 827 2611; x_wconf 81' lang='lat' dir='ltr'>prosae</span> <span class='ocrx_word' id='word_1_281' title='bbox 851 2568 1031 2601; x_wconf 85' lang='lat' dir='ltr'>orationis</span> <span class='ocrx_word' id='word_1_282' title='bbox 1055 2569 1260 2598; x_wconf 84' lang='lat' dir='ltr'>nascantur.</span> 
     </span>
    </p>
   </div>
   <div class='ocr_carea' id='block_1_6' title="bbox 320 2653 1369 2701">
    <p class='ocr_par' dir='ltr' id='par_1_6' title="bbox 320 2653 1369 2701">
     <span class='ocr_line' id='line_1_35' title="bbox 320 2653 1369 2701; baseline -0.01 -7"><span class='ocrx_word' id='word_1_283' title='bbox 320 2656 354 2686; x_wconf 85' lang='lat'>5·</span> <span class='ocrx_word' id='word_1_284' title='bbox 380 2657 441 2693; x_wconf 71' lang='lat' dir='ltr'>ut]</span> <span class='ocrx_word' id='word_1_285' title='bbox 468 2656 528 2689; x_wconf 81' lang='lat' dir='ltr'>fiir</span> <span class='ocrx_word' id='word_1_286' title='bbox 552 2660 747 2701; x_wconf 81' lang='lat' dir='ltr'>tanquam,</span> <span class='ocrx_word' id='word_1_287' title='bbox 770 2660 891 2701; x_wconf 78' lang='lat' dir='ltr'>quasi,</span> <span class='ocrx_word' id='word_1_288' title='bbox 916 2667 959 2691; x_wconf 87' lang='lat' dir='ltr'>so</span> <span class='ocrx_word' id='word_1_289' title='bbox 983 2656 1057 2690; x_wconf 83' lang='lat' dir='ltr'>Cic.</span> <span class='ocrx_word' id='word_1_290' title='bbox 1081 2657 1113 2688; x_wconf 88' lang='lat' dir='ltr'>d.</span> <span class='ocrx_word' id='word_1_291' title='bbox 1140 2658 1231 2688; x_wconf 85' lang='lat' dir='ltr'>orat.</span> <span class='ocrx_word' id='word_1_292' title='bbox 1260 2653 1289 2694; x_wconf 91' lang='lat'>1,</span> <span class='ocrx_word' id='word_1_293' title='bbox 1313 2653 1369 2685; x_wconf 68' lang='lat'>21.</span> 
     </span>
    </p>
   </div>
   <div class='ocr_carea' id='block_1_7' title="bbox 232 2739 1719 2895">
    <p class='ocr_par' dir='ltr' id='par_1_7' title="bbox 232 2739 1719 2895">
     <span class='ocr_line' id='line_1_36' title="bbox 319 2739 1719 2790; baseline -0.004 -16"><span class='ocrx_word' id='word_1_294' title='bbox 319 2743 354 2775; x_wconf 79' lang='lat'>7.</span> <span class='ocrx_word' id='word_1_295' title='bbox 380 2742 630 2786; x_wconf 83' lang='lat' dir='ltr'>Praevertor]</span> <span class='ocrx_word' id='word_1_296' title='bbox 656 2760 701 2776; x_wconf 86' lang='lat'><strong><em>=</em></strong></span> <span class='ocrx_word' id='word_1_297' title='bbox 724 2749 852 2790; x_wconf 78' lang='lat' dir='ltr'>potius·</span> <span class='ocrx_word' id='word_1_298' title='bbox 874 2757 930 2781; x_wconf 85' lang='lat' dir='ltr'>me</span> <span class='ocrx_word' id='word_1_299' title='bbox 953 2747 1068 2780; x_wconf 83' lang='lat' dir='ltr'>verto.</span> <span class='ocrx_word' id='word_1_300' title='bbox 1105 2747 1153 2777; x_wconf 85' lang='lat' dir='ltr'>Es</span> <span class='ocrx_word' id='word_1_301' title='bbox 1177 2744 1271 2776; x_wconf 81' lang='lat' dir='ltr'>wird</span> <span class='ocrx_word' id='word_1_302' title='bbox 1287 2740 1499 2783; x_wconf 70' lang='lat' dir='ltr'>gebi-auem,</span> <span class='ocrx_word' id='word_1_303' title='bbox 1523 2745 1632 2769; x_wconf 86' lang='lat' dir='ltr'>wenn</span> <span class='ocrx_word' id='word_1_304' title='bbox 1649 2739 1719 2768; x_wconf 82' lang='lat' dir='ltr'>wir</span> 
     </span>
     <span class='ocr_line' id='line_1_37' title="bbox 233 2794 1717 2845; baseline -0.003 -15"><span class='ocrx_word' id='word_1_305' title='bbox 233 2806 363 2832; x_wconf 87' lang='lat' dir='ltr'>unsere</span> <span class='ocrx_word' id='word_1_306' title='bbox 387 2800 483 2833; x_wconf 85' lang='lat' dir='ltr'>Rede</span> <span class='ocrx_word' id='word_1_307' title='bbox 514 2803 578 2833; x_wconf 81' lang='lat' dir='ltr'>auf</span> <span class='ocrx_word' id='word_1_308' title='bbox 601 2805 704 2836; x_wconf 87' lang='lat' dir='ltr'>einen</span> <span class='ocrx_word' id='word_1_309' title='bbox 729 2803 961 2845; x_wconf 78' lang='lat' dir='ltr'>Gegenstand</span> <span class='ocrx_word' id='word_1_310' title='bbox 995 2803 1154 2841; x_wconf 82' lang='lat' dir='ltr'>riehten,</span> <span class='ocrx_word' id='word_1_311' title='bbox 1192 2808 1265 2832; x_wconf 89' lang='lat' dir='ltr'>von</span> <span class='ocrx_word' id='word_1_312' title='bbox 1290 2798 1371 2830; x_wconf 83' lang='lat' dir='ltr'>dem</span> <span class='ocrx_word' id='word_1_313' title='bbox 1395 2797 1466 2828; x_wconf 82' lang='lat' dir='ltr'>wir</span> <span class='ocrx_word' id='word_1_314' title='bbox 1496 2794 1587 2826; x_wconf 80' lang='lat' dir='ltr'>noch</span> <span class='ocrx_word' id='word_1_315' title='bbox 1620 2794 1717 2825; x_wconf 74' lang='lat' dir='ltr'>nicht</span> 
     </span>
     <span class='ocr_line' id='line_1_38' title="bbox 232 2856 602 2895; baseline 0.003 -9"><span class='ocrx_word' id='word_1_316' title='bbox 232 2856 453 2895; x_wconf 81' lang='lat' dir='ltr'>gesprochen</span> <span class='ocrx_word' id='word_1_317' title='bbox 479 2858 602 2890; x_wconf 76' lang='lat' dir='ltr'>haben.—</span> 
     </span>
    </p>
   </div>
  </div>
 </body>
</html>
