1855 3200
704 189 799 226 liber
830 187 1018 226 decimus,
1494 184 1593 227 321

119 306 374 360 multumque
406 303 634 358 haesitavi,
671 302 769 359 quid
806 304 951 346 facere
987 300 1202 345 deberem.
1274 301 1384 343 Nam
1420 305 1462 343 et
1497 301 1606 354 red-2
1640 314 1667 349 3

119 373 223 417 dere
265 384 434 428 poenae
475 374 574 427 post
622 372 792 427 longum
840 376 1006 425 tempus
1052 369 1286 425 plerosque
1315 370 1406 423 jam
1453 381 1601 423 senes,

118 444 185 494 et,
232 443 432 495 quantum
477 438 744 493 adfirmatur,
789 438 1012 493 frugaliter
1060 435 1340 492 modesteque
1382 437 1601 489 viventes,

118 507 241 549 nimis
277 519 482 550 severum
529 506 790 560 arbitrabar-3
837 509 880 549 et
914 505 958 546 iu
994 504 1175 561 publicis
1217 503 1367 546 officiis
1414 503 1603 547 retinere

119 574 340 617 damnatos
377 586 462 616 non
497 574 604 616 satis
640 573 862 616 honestum
908 573 1131 631 putabam3
1179 571 1353 615 eosdem
1390 585 1540 613 rursus
1576 583 1603 613 a

119 643 339 699 republica
374 642 497 702 pasci
535 641 722 695 otiosos,
760 640 932 693 inutile,
970 653 1052 682 non
1092 639 1228 696 pasci,
1266 640 1389 683 etiam
1425 639 1601 695 pericu-

119 711 255 752 losum
292 708 598 752 existimabam.
679 709 941 752 Necessario
978 721 1082 763 ergo
1120 720 1207 750 rem
1245 711 1387 761 totam,
1424 705 1522 748 dum
1557 709 1601 749 te
1641 723 1668 759 4

120 777 402 834 consulerem‚
440 777 481 818 iu
519 789 732 832 suspenso
754 776 919 832 reliqui.
992 774 1191 828 Quaeres
1211 774 1412 828 fortasse,
1450 786 1602 830 quem-

120 843 344 888 admodum
391 845 612 897 evenerit,
667 848 713 886 ut
760 843 937 900 poenis,
986 844 1026 884 iu
1073 855 1181 898 quas
1228 841 1413 883 damnati
1461 845 1600 896 erant,

122 913 477 956 exsolverentur:
522 917 564 955 et
601 924 682 967 ego
719 911 910 968 quaesii⁷
947 909 1024 953 sed
1061 909 1164 952 nihil
1201 909 1403 964 comperi.
1475 907 1602 961 Quod

122 979 349 1024 adfirmare
384 979 457 1022 tibi
492 992 690 1036 possum,
739 984 782 1020 ut
819 978 1021 1032 decreta,
1058 978 1210 1033 quibus
1245 976 1429 1019 damuati
1465 980 1601 1030 erant,

122 1047 464 1103 proferebantur⁷
500 1047 559 1088 ita
596 1047 710 1088 nulla
747 1046 1014 1098 monimenta,
1052 1045 1203 1100 quibus
1239 1045 1406 1087 liberati
1440 1043 1602 1100 proba-

123 1120 284 1158 rentur.
365 1113 502 1156 Erant
547 1118 685 1157 tamen
700 1146 713 1168 ,
759 1114 828 1169 qui
871 1113 1087 1166 dicerent,
1145 1111 1432 1167 deprecantes
1473 1114 1602 1167 Jussu
1642 1122 1670 1159 5

123 1182 423 1238 proconsulum
459 1182 756 1237 legatorumve
792 1180 1008 1222 dimissos.
1081 1178 1282 1221 Addebat
1315 1178 1454 1234 fidem,
1492 1176 1602 1236 quod

122 1248 325 1292 credibile
363 1253 456 1292 erat
492 1249 703 1293 neminem
737 1248 818 1291 hoc
855 1260 1007 1290 ausum
1043 1246 1141 1289 sine
1176 1250 1367 1289 auctore.

781 1424 944 1470 XLI.

600 1535 853 1599 Trnjcmus
889 1535 1049 1583 Plinio
1083 1532 1138 1581 S.

264 1634 619 1692 Meminerimus)
651 1638 820 1678 idcirco
839 1637 879 1676 le
900 1636 947 1677 in
964 1636 1094 1676 istam
1110 1632 1388 1687 provi-nciam
1405 1632 1601 1686 missum,
1646 1651 1669 1687 1

125 1705 332 1760 qnoniam
349 1704 485 1745 mulla
515 1704 562 1745 in
591 1715 645 1746 ea
665 1702 945 1746 emendanda
964 1700 1273 1757 apparuerint.
1333 1697 1440 1741 Erit
1457 1699 1604 1741 aulem

215 1874 248 1907 4.
275 1874 468 1912 damuati]
495 1876 540 1906 Es
566 1875 652 1916 liegt
676 1874 761 1907 kein
786 1873 904 1905 Grund
942 1881 1027 1915 vor,
1063 1872 1118 1905 die
1150 1880 1218 1905 nur
1242 1872 1299 1904 bei
1328 1870 1503 1904 Cataniius
1528 1872 1603 1903 sich

126 1931 352 1963 vorfindende
377 1932 527 1962 Lesart:
553 1931 632 1962 dati
657 1930 889 1962 vorzuziehu.
940 1929 1041 1960 Denn
1066 1929 1147 1960 dass
1163 1927 1295 1970 Trajan
1320 1930 1353 1959 iu
1378 1929 1498 1959 seiner
1516 1929 1604 1959 Aut-

124 1990 220 2018 wort
251 1996 319 2018 von
353 1988 454 2018 einer
486 1986 635 2018 mildern
659 1985 919 2026 Verwendung
951 1985 1013 2016 der
1036 1985 1189 2017 Sclaven
1221 1985 1306 2016 dari
1338 1982 1388 2015 ad
1423 1983 1604 2015 balineum

125 2051 156 2073 u.
182 2051 211 2072 s.
237 2042 259 2073 f.
294 2042 459 2083 braucht‚
491 2042 586 2073 kann
619 2039 676 2073 fiir
709 2042 806 2072 diese
831 2040 946 2072 Stelle
978 2041 1073 2072 nicht
1105 2040 1359 2073 entscheidend
1391 2041 1478 2071 sein.
1537 2039 1605 2071 Die

124 2097 218 2129 alten
243 2099 373 2138 Ausgg.
399 2096 573 2129 schiitzen
596 2098 809 2138 einstiunuig
832 2097 1007 2128 damnali.

217 2164 318 2203 Quod
341 2181 385 2186 —
406 2165 571 2205 possum]
606 2165 663 2196 Ich
696 2165 784 2196 habe
816 2165 906 2196 mich
932 2165 1030 2195 nicht
1063 2163 1320 2195 entschliessen
1343 2161 1507 2202 konnen,
1542 2163 1604 2193 mit

123 2220 226 2251 Orelli
253 2219 310 2250 die
336 2218 527 2261 Conjectur
552 2221 739 2252 Gesner’s:
764 2222 899 2261 possim
924 2220 1202 2259 aufzunehmen‚
1225 2219 1268 2249 da
1291 2217 1360 2249 alle
1381 2218 1511 2257 Ausgg.
1537 2217 1604 2247 den

124 2276 298 2307 Iudicativ
323 2276 450 2307 bieten.
497 2277 593 2307 Auch
620 2277 728 2318 folgte
752 2279 806 2309 ich
831 2278 898 2308 den
923 2277 1058 2308 iilteren
1085 2275 1270 2315 AusgaDen
1295 2274 1413 2309 darm,
1438 2274 1521 2303 dass
1546 2272 1604 2302 ich

126 2333 224 2363 ‹liese
249 2332 380 2364 usone
405 2339 453 2362 zu
478 2332 555 2363 dem
580 2333 771 2374 folgenden
797 2335 905 2364 Salze
931 2335 1041 2364 nahm,
1070 2332 1111 2362 da
1136 2332 1215 2362 eine
1241 2329 1437 2361 besondere
1456 2327 1605 2358 Bekrz'is-

127 2389 260 2427 tigung‚
285 2388 366 2418 dass
391 2396 430 2419 er
454 2389 571 2420 nichts
596 2389 682 2420 habe
707 2391 738 2419 in
758 2390 956 2429 Erfahrung
974 2389 1119 2428 bringen
1134 2387 1290 2425 konnen,
1316 2383 1475 2415 ziemlich
1500 2381 1605 2414 iiber-

126 2441 249 2482 ffiissig
272 2450 362 2473 war.
422 2435 523 2481 Q'aod
546 2442 750 2484 adfirmare
775 2443 844 2474 tibi
866 2451 1017 2484 possum
1041 2446 1088 2474 ist
1112 2442 1285 2481 elliptisch
1310 2442 1457 2480 gesagt:
1512 2438 1603 2469 Πάς

126 2498 179 2528 ich
205 2498 274 2528 mit
296 2498 496 2530 Sickerhee't
525 2507 641 2540 seyen
665 2499 765 2530 kann
780 2522 791 2541 ,
826 2501 873 2530 ist
903 2499 980 2530 blos
1002 2496 1201 2539 folyendeS.
1262 2497 1310 2527 So
1346 2495 1513 2526 verstand
1547 2494 1604 2525 die

126 2553 234 2585 stelle
266 2553 363 2585 wohl
396 2554 485 2585 auch
512 2554 689 2593 Latinius,
721 2555 878 2586 welcher
911 2555 1116 2594 vorschlug:
1154 2551 1256 2593 quod
1293 2549 1502 2593 adfirmare
1536 2549 1605 2582 tibi

121 2615 283 2648 possum.

215 2676 452 2713 monimenta]
494 2676 583 2708 wird
628 2678 715 2708 auch
755 2684 825 2708 von
862 2676 1101 2709 schriftlichen
1143 2673 1364 2706 Denkmalen
1398 2673 1604 2715 gebraucht,

127 2731 264 2763 welche
288 2730 346 2763 fiir
370 2732 624 2772 vergaugenes
650 2733 886 2765 Beweiskraft
920 2733 1052 2774 haben,
1084 2732 1120 2771 2,
1145 2729 1199 2771 10,
1223 2729 1256 2762 4.
1290 2732 1385 2762 Suet.
1412 2728 1518 2762 Caes.
1543 2727 1602 2760 54.

127 2787 238 2819 Tacit.
264 2787 352 2819 Hist-
378 2787 412 2827 2,
439 2787 511 2818 101.

217 2873 342 2909 XLI.
369 2875 398 2908 1.
419 2878 722 2916 Meminerimus]
748 2877 812 2909 Die
835 2885 972 2911 neuen-n
999 2875 1247 2919 Herausgeber
1271 2875 1383 2907 haben
1407 2873 1502 2906 nicht
1525 2871 1603 2905 blos

176 2932 217 2963 ΙΙ.
1201 2932 1254 2969 21
