1855 3200
239 189 272 234 2
284 191 302 234 ¹
314 192 344 234 0
795 195 913 232 Plinii
943 195 1191 243 epistolarum

203 308 508 354 2clamoribus.
548 306 671 361 Quod
706 312 918 350 tantorum
954 309 1141 352 virorum
1177 309 1410 364 contigisse
1446 308 1619 365 scriptis
1641 321 1724 351 non

240 378 385 430 miror,
419 389 514 418 cum
537 377 770 419 orationem
793 388 926 418 meam
953 375 1144 430 proxime
1169 374 1404 418 doctissimi
1432 375 1624 419 homines
1644 376 1724 418 hoc

242 442 400 499 studio,
420 443 502 485 hoc
537 455 741 498 assensu,
777 442 857 485 hoc
893 442 1019 484 etiam
1040 442 1187 483 labore
1209 455 1286 496 per
1305 437 1472 484 biduum
1492 442 1725 485 audierint:

243 510 439 567 quamvis
462 510 572 552 hanc
592 509 868 551 intentionem
903 520 1046 550 eorum
1073 509 1190 549 nulla
1214 508 1310 551 hinc
1347 514 1389 552 et
1423 509 1522 552 inde
1542 510 1726 563 collatio,

204 578 404 621 anullum
438 576 562 631 quasi
599 579 814 617 certamen
851 574 1123 617 accenderet.
1193 575 1471 617 NamRhodii
1505 591 1597 619 cum
1620 577 1726 633 ipsis

245 644 480 686 orationum
515 641 761 698 virtutibus,
798 646 884 684 tum
919 642 1044 684 etiam
1080 642 1412 697 comparationis
1445 644 1610 686 aculeis
1645 657 1727 686 ex-

245 710 509 753 citabantur:
551 712 700 750 nostra
745 709 878 751 oratio
916 709 1011 751 sine
1053 709 1350 751 aemulationis
1385 710 1524 763 gratia
1564 710 1726 765 proba-

245 778 382 819 batur.
455 777 522 817 An
557 776 733 827 merite,
768 777 905 832 scies,
944 788 1036 818 cum
1072 776 1235 831 legeris
1270 776 1439 817 librum:
1476 777 1600 831 cujus
1635 788 1727 818 am-

206 849 232 886 4
244 842 410 901 plitudo
447 855 530 884 non
568 842 668 884 sinit
702 856 769 885 me
800 843 998 898 longiore
1035 843 1222 899 epistola
1242 843 1477 899 praeloqui.
1548 840 1730 898 Oportet

246 911 359 954 enim
404 922 484 952 nos
518 909 560 951 in
597 909 677 951 hac
715 914 859 964 certe,
903 911 945 952 in
982 923 1064 966 qua
1098 922 1358 968 possumus,
1407 910 1568 952 breves
1611 921 1732 960 esse,

246 990 330 1035 quo
375 977 434 1019 sit
467 977 738 1036 excusatius,
783 976 895 1033 quod
930 978 1083 1020 librum
1118 978 1279 1034 ipsum,
1325 989 1408 1020 non
1443 980 1584 1020 tamen
1618 976 1731 1018 ultra

246 1057 430 1088 caussae
466 1043 805 1102 amplitudinem,
843 1044 1126 1089 extendimus.
1198 1044 1324 1087 Vale.

939 1219 1046 1263 vl.

616 1328 670 1378 C.
709 1329 896 1378 Plinius
931 1328 1130 1378 IVctsom'
1161 1329 1269 1379 Suo
1304 1330 1360 1379 S.

211 1441 233 1477 1
386 1435 520 1477 Tusci
577 1434 789 1490 grandine
843 1435 1045 1478 excussi:
1099 1435 1143 1477 in
1188 1437 1364 1491 regione
1417 1432 1729 1491 Transpadana

249 1515 409 1545 summa
445 1501 727 1559 abundantia,
767 1502 844 1545 sed
880 1515 958 1557 par
994 1502 1138 1545 vilitas
1180 1504 1416 1545 nuntiatur:
1461 1501 1599 1543 solum
1633 1500 1731 1542 mihi

210 1570 554 1612 2Laurentinum
590 1582 726 1611 meum
762 1570 802 1610 in
839 1567 994 1612 reditu.
1072 1569 1188 1610 Nihil
1226 1569 1393 1625 quidem
1434 1569 1490 1611 ibi
1525 1566 1731 1625 possideo

248 1640 424 1692 praeter
458 1640 617 1678 tectum
654 1640 697 1677 et
732 1636 911 1692 hortum,
950 1635 1178 1691 statimque
1213 1649 1391 1679 arenas:
1438 1635 1575 1678 solum
1591 1640 1732 1677 tamen

246 1703 346 1746 mihi
363 1703 407 1744 in
435 1702 586 1745 reditu.
631 1703 695 1744 lbi
719 1703 829 1745 enim
848 1704 1072 1759 plurimum
1094 1704 1255 1745 scribo:
1292 1717 1373 1747 nec
1400 1716 1549 1759 agrum
1581 1701 1731 1758 (quem

249 1783 335 1818 non
370 1767 540 1828 habeo]
578 1769 654 1812 sed
691 1770 828 1825 ipsum
849 1784 916 1812 nie
951 1769 1105 1811 studiis
1141 1771 1313 1813 excolo:
1351 1784 1402 1813 ac
1431 1773 1519 1825 jam
1554 1781 1732 1825 possum

249 1837 348 1890 tibi,
395 1842 439 1878 ut
484 1837 580 1878 aliis
624 1837 665 1877 in
702 1838 808 1878 locis
846 1837 1042 1878 horreum
1078 1837 1273 1893 plenum,
1321 1838 1384 1878 sic
1432 1837 1487 1877 ibi
1532 1835 1732 1877 scrinium

251 2023 469 2064 gerichteten
494 2022 591 2054 Rede
614 2024 735 2055 seinen
760 2031 911 2064 grossen
938 2023 1083 2063 Gegner
1106 2023 1170 2054 auf
1189 2023 1257 2054 alie
1281 2022 1408 2054 Weise
1432 2029 1478 2052 zu
1504 2019 1734 2053 verkieinern

252 2081 405 2116 (contra
437 2078 627 2118 Ctesipho,
661 2078 749 2108 doch
786 2079 904 2110 dieser
940 2080 1188 2119 rechtfertigte
1224 2079 1298 2109 sich
1334 2080 1367 2108 in
1403 2079 1525 2108 seiner
1558 2077 1654 2108 Rede
1690 2077 1735 2108 de

252 2142 389 2165 corona
404 2134 482 2165 aufs
496 2132 737 2164 Gla'nzendste
749 2133 815 2164 und
831 2142 963 2175 zwang
982 2134 1048 2164 den
1064 2134 1270 2173 Aeschines,
1295 2133 1357 2163 der
1372 2133 1581 2164 verurtheilt
1595 2132 1734 2172 warde,

251 2198 315 2219 aus
340 2189 467 2220 Scham
491 2189 579 2219 nach
604 2189 748 2220 Rhodus
780 2190 834 2220 ins
860 2190 936 2220 Exil
971 2198 1013 2219 zu
1038 2190 1172 2228 gehen,
1202 2196 1262 2218 wo
1296 2195 1336 2218 er
1360 2189 1442 2218 eine
1464 2187 1734 2219 Rednerschule

253 2244 459 2275 errichtete.
507 2244 596 2274 Dort
620 2245 672 2275 las
696 2253 737 2275 er
760 2245 814 2274 die
841 2245 964 2274 beiden
989 2247 1189 2284 genannten
1213 2243 1347 2274 Reden.

344 2308 595 2347 clamoribus]
622 2318 650 2340 s.
677 2318 720 2340 zu
744 2309 778 2350 2,
807 2309 858 2349 14,
883 2310 915 2339 6.

346 2395 432 2432 vl.
457 2395 579 2436 Naso]
605 2402 662 2431 ein
688 2403 890 2431 vertrauter
915 2399 1056 2430 Freund
1082 2399 1143 2430 des
1167 2398 1254 2429 Plin.
1279 2398 1347 2429 und
1371 2398 1529 2439 Tacitus,
1554 2400 1586 2439 6,
1611 2400 1643 2430 9.

348 2465 379 2498 1.
403 2471 479 2505 par
500 2465 647 2502 vilitas]
684 2466 779 2498 Eben
808 2474 849 2497 so
873 2474 980 2506 gross
1007 2467 1057 2497 als
1082 2466 1147 2497 der
1169 2466 1321 2506 Ertrag,
1346 2467 1392 2496 ist
1415 2466 1502 2496 auch
1526 2466 1582 2497 die
1606 2465 1735 2497 wohl-

256 2518 404 2558 feilheit,
429 2520 543 2561 vergl.
568 2522 650 2551 Liv.
674 2521 731 2561 45,
756 2522 812 2552 33.
860 2521 987 2552 Beides
1011 2522 1101 2552 steht
1126 2523 1162 2551 in
1187 2521 1251 2552 der
1266 2520 1378 2561 Regel
1399 2522 1447 2552 im
1474 2521 1736 2553 Wechselver-

258 2572 416 2603 hiiltniss.
471 2576 543 2606 Auf
564 2575 716 2607 Gewinn
747 2577 881 2608 konnte
918 2584 959 2608 er
990 2576 1099 2608 daher
1135 2585 1200 2608 nur
1233 2577 1287 2608 bei
1319 2578 1454 2608 seinem
1479 2577 1735 2608 Laurentinum

257 2628 433 2666 reclinem,
464 2630 620 2670 freilich‚
653 2634 725 2663 wie
750 2641 791 2664 er
815 2641 854 2664 es
878 2633 1084 2664 scherzhaft
1105 2633 1334 2673 ausreclmet,
1365 2634 1401 2663 in
1424 2631 1737 2673 eigenthiimlicher

258 2682 395 2713 u'eise.

348 2748 385 2779 2.
409 2750 605 2787 scrinium]
635 2750 910 2795 zeter-occvlcz'mov
939 2754 1090 2796 Kapsel,
1131 2754 1312 2786 Kiistchen
1351 2761 1420 2785 zur
1450 2752 1738 2794 Autbewahrung

262 2811 334 2835 von
357 2802 527 2844 Biichern,
551 2805 705 2844 Briefen,
729 2809 916 2848 Schriften,
940 2811 1027 2841 auch
1038 2811 1174 2842 andern
1196 2808 1435 2841 werthvollen
1447 2806 1734 2849 Gegenstiinden,

263 2861 388 2892 senec.
414 2861 466 2892 ira
489 2860 522 2901 3,
547 2860 605 2892 23.
629 2860 717 2891 Plin.
742 2862 783 2891 H.
808 2862 848 2892 N.
872 2864 904 2904 ’7,
928 2865 987 2896 23.
1013 2864 1094 2896 Sall.
1120 2864 1195 2897 Cat.
1219 2863 1277 2895 48.
