1855 3200
684 186 783 225 liber
813 186 963 224 tertius.
1487 181 1511 224 ί
1522 179 1584 223 71

103 307 213 349 Nam
249 315 329 346 nos
365 313 533 358 quoque
565 306 651 344 tam
686 314 955 344 numerosum
974 311 1128 355 agmen
1148 311 1318 342 reorum
1341 298 1400 340 ita
1421 297 1589 341 demum

106 372 357 416 videbamus
401 382 536 426 posse
581 370 804 426 superari,
862 369 898 411 si
945 381 1024 425 per
1071 367 1270 422 singulos
1322 370 1590 421 carperetur.

105 438 274 483 Placuit
316 438 362 479 in
404 437 552 493 primis
599 438 736 492 ipsum
781 433 1020 478 Classicum
1066 434 1300 478 ostendere
1345 437 1588 476 nocentem.
1605 440 1658 477 12

105 506 190 549 Hic
224 506 477 562 aptissimus
514 504 566 546 ad
603 506 745 547 socios
781 506 878 558 ejus
916 508 958 546 et
993 503 1210 544 ministros
1234 501 1445 543 transitus
1482 505 1591 556 erat,

105 574 203 630 quia
239 574 346 615 socii
382 572 650 628 ministrique
685 572 870 628 probari,
909 572 989 612 nisi
1027 571 1098 611 illo
1119 574 1316 627 nocente,
1353 582 1437 612 non
1464 573 1590 625 pote-

104 644 215 684 rant.
285 640 356 682 Ex
393 641 546 695 quibus
582 639 689 681 duos
725 639 865 680 statim
888 637 1084 680 Classico
1114 638 1348 692 junximus,
1384 635 1594 679 Baebium

106 709 293 751 Probum
316 713 358 750 et
380 708 558 749 Fabium
597 708 857 763 Hispanum:
896 710 1121 761 utrumque
1156 705 1311 760 gratia,
1348 704 1592 760 Hispanum

106 776 232 819 etiam
267 774 465 818 facundia
488 774 690 818 validum.
761 773 820 815 Et
855 774 969 816 circa
989 772 1230 816 Classicum
1252 771 1422 828 quidem
1443 771 1592 814 brevis
1608 777 1661 814 13

107 847 150 886 et
185 843 416 900 expeditus
452 843 586 885 labor.
658 841 751 885 Sua
789 853 911 882 manu
950 842 1183 896 reliquerat
1217 841 1446 896 scriptum,
1493 837 1592 894 quid

106 923 162 953 ex
198 924 369 967 quaque
404 924 467 965 re,
506 908 608 966 quid
630 923 684 952 ex
709 921 876 966 quaque
896 920 1053 950 caussa
1083 908 1343 963 accepisset.
1414 906 1596 949 Miserat

108 978 236 1020 etiam
272 979 481 1034 epistolas
517 979 695 1020 Romam
741 975 794 1018 ad
832 977 1055 1018 amiculam
1099 975 1335 1032 quandam,
1374 976 1596 1029 Jactantes

108 1050 152 1088 et
186 1046 419 1102 gloriosas,
458 1046 524 1087 his
553 1044 720 1100 quidem
742 1044 912 1088 verbis:
950 1045 1038 1101 „io‚
1075 1044 1134 1096 io,
1170 1044 1279 1086 liber
1299 1041 1353 1084 ad
1379 1046 1423 1085 te
1443 1041 1596 1084 venio:

103 1114 191 1167 jam
214 1114 466 1156 sestertium
483 1112 746 1168 quadragies
763 1110 928 1165 redegi,
948 1114 1071 1166 parte
1088 1110 1263 1153 vendita
1278 1108 1596 1151 Baeticorum“.

109 1179 239 1223 Circa
274 1181 519 1236 Hispanum
559 1185 602 1222 et
627 1179 810 1221 Probum
845 1179 1017 1219 multum
1054 1176 1245 1219 sudoris.
1317 1177 1478 1218 Horum
1514 1187 1596 1216 an·
1610 1181 1664 1219 14

107 1253 279 1305 tequam
313 1249 491 1290 crimina
526 1245 795 1303 ingrederer,
829 1245 1122 1288 necessarium
1159 1243 1323 1288 credidi
1358 1243 1600 1297 elaborare,

200 1450 254 1481 ita
280 1448 441 1485 demum]
469 1446 526 1479 siir
550 1448 627 1479 tum
651 1448 796 1479 demum
821 1447 875 1478 bei
898 1445 1043 1486 spatern
1067 1445 1363 1486 Schrlftstellern‚
1390 1443 1598 1483 vorziiglich

112 1505 148 1535 in
171 1505 401 1539 Vei-hindana
426 1506 488 1535 mit
513 1507 613 1535 einer
637 1503 871 1543 Conjunction
897 1503 958 1532 der
985 1502 1200 1543 Bedingung.
1258 1502 1339 1533 &Vir
1374 1508 1485 1541 Sagen
1510 1501 1598 1531 eben

112 1568 176 1591 so:
201 1568 240 1590 so
265 1568 338 1590 nur
362 1558 436 1590 fiir:
464 1559 564 1590 daun
588 1566 684 1595 ωιτη
709 1560 742 1596 3,
767 1559 798 1596 3,
823 1558 856 1588 2.
904 1559 999 1588 Suet.
1024 1558 1142 1588 Vitell.
1169 1557 1224 1589 14.
1250 1557 1373 1589 Claud.
1398 1558 1453 1589 25.

204 1628 376 1666 carpere]
402 1626 478 1657 hier
501 1626 552 1656 als
579 1625 827 1656 inililiirisclier
852 1623 1062 1662 Ansdruck‚
1098 1625 1170 1654 wie
1195 1632 1259 1655 aus
1285 1631 1416 1662 [cymen
1440 1624 1603 1654 hervor-

112 1683 204 1723 geM,
230 1690 302 1712 von
327 1682 392 1712 deu
420 1681 602 1721 Angriffen
628 1682 691 1712 der
716 1680 868 1710 leichten
892 1679 1055 1717 'ri-uppen
1081 1679 1144 1709 auf
1166 1681 1270 1710 einen
1291 1681 1513 1719 Heereszug,
1538 1687 1605 1712 wo

113 1739 221 1769 durch
247 1738 312 1767 den
340 1738 483 1768 Verlust
516 1737 578 1767 des
603 1738 713 1767 Einen
742 1735 808 1767 und
836 1735 898 1765 des
923 1735 1068 1766 Audern
1092 1736 1295 1766 demselben
1320 1734 1505 1766 Nachtlieil
1530 1742 1599 1764 zu-

110 1791 235 1834 gefiigt
259 1792 364 1822 wli-d.

200 1859 253 1890 12.
278 1859 453 1900 probari]
479 1869 522 1886 =
547 1858 777 1898 arqnmentz's
810 1858 964 1897 ostendi,
998 1854 1224 1896 ἕλε’γχεσθαι;
1256 1857 1320 1888 der
1343 1855 1479 1896 Begriff
1499 1856 1602 1887 einer

111 1904 385 1947 vortlieilhaften
419 1914 717 1956 Beweisfiihrung
747 1914 826 1946 fiillt
859 1915 937 1945 liier
970 1921 1042 1944 von
1077 1913 1187 1943 selbst
1220 1921 1322 1953 weg,
1358 1913 1401 1942 da
1434 1913 1602 1943 nocentes

113 1972 342 2011 vorhergeht.

205 2038 257 2069 13.
285 2039 410 2076 circa]
436 2040 471 2069 iu
495 2038 559 2069 der
586 2039 788 2078 Bedentung
814 2047 904 2069 von:
930 2038 970 2067 in
998 2036 1212 2076 Beziehuny
1236 2035 1322 2076 auf,
1346 2044 1424 2067 was
1448 2033 1601 2076 betrifft,

113 2092 212 2134 κατά,
238 2103 305 2126 nur
336 2097 371 2126 in
398 2094 518 2126 dieser
542 2095 626 2125 Zeit
650 2094 912 2133 gebriiuclilich,
944 2101 986 2123 so
1010 2092 1042 2130 4,
1069 2093 1124 2131 24,
1149 2094 1181 2122 3.
1209 2093 1242 2131 6,
1267 2091 1322 2129 21,
1348 2092 1379 2122 6.
1406 2091 1460 2130 10,
1486 2091 1545 2130 49,
1567 2091 1600 2121 3.

111 2150 168 2190 10,
192 2150 247 2181 ¹70.
270 2151 399 2190 Paneg.
423 2151 479 2190 20,
504 2152 535 2182 3.
562 2150 673 2181 Tacit.
701 2151 794 2181 Hist.
820 2150 853 2190 1,
875 2149 927 2180 13.
954 2151 1052 2180 Suet.
1078 2147 1181 2178 Caes.
1209 2146 1264 2177 64.
1291 2146 1374 2178 Ner.
1399 2146 1454 2178 51.
1481 2145 1602 2178 Claud.

113 2206 168 2238 14.
199 2208 326 2239 Senec.
352 2209 405 2238 ira
431 2208 464 2246 3,
487 2206 542 2237 32.

202 2274 316 2311 liber]
344 2273 493 2305 niimlicli
520 2282 589 2305 von
614 2274 803 2314 Schulden,
828 2274 884 2304 die
908 2274 962 2304 icli
987 2280 1056 2303 nun
1083 2271 1257 2302 bezahleu
1282 2270 1390 2301 kann.

201 2340 449 2382 quadrayies]
476 2339 565 2371 iiber
588 2341 740 2379 2121)ssss
764 2341 903 2372 Tlialer.

201 2407 368 2446 rediffere
392 2408 610 2447 pecuniam]
638 2408 701 2438 der
725 2406 863 2439 iibliche
881 2406 1071 2438 Ausdruck
1096 2414 1168 2436 von
1189 2404 1500 2443 Geldeinnahmeu,
1525 2405 1603 2434 ent-

111 2462 238 2494 weder
272 2463 386 2493 indem
412 2473 490 2495 man
517 2465 791 2504 ausgelieheues
814 2464 899 2495 Gelcl
938 2462 1101 2493 elutreibt
1136 2460 1224 2491 oder
1258 2459 1423 2498 liegende
1448 2457 1603 2495 Griinde‚

112 2517 262 2555 Hiiuser,
287 2518 437 2548 Sclaven
464 2520 531 2549 und
560 2522 695 2550 andere
721 2519 968 2559 Gegenstiinde
994 2516 1186 2553 verkauft;
1212 2514 1321 2545 daher
1340 2515 1416 2545 hier
1438 2514 1602 2546 vendita.

203 2583 380 2620 vendere]
407 2585 484 2614 hier
508 2587 542 2614 iu
570 2584 886 2624 eigenthiimlieher
912 2585 1112 2622 Bedeutung
1138 2590 1208 2612 von
1234 2582 1309 2612 dem
1335 2582 1487 2612 Gewinn
1503 2603 1512 2621 ,
1535 2583 1602 2613 den

114 2644 155 2668 er
178 2645 242 2668 aus
267 2638 344 2668 dem
370 2640 614 2678 unget-ecliten
633 2640 838 2671 Verfahren
865 2646 981 2679 gegen
1007 2639 1062 2668 die
1083 2638 1286 2668 Bewohner
1311 2637 1374 2668 der
1397 2641 1602 2677 genannten

114 2693 273 2725 Provinz
298 2702 387 2733 zog3
413 2702 469 2725 am
495 2694 663 2726 nitelisten
687 2695 825 2726 kommt
849 2695 916 2724 ihm
943 2695 1018 2724 hier
1043 2701 1170 2724 unser:
1195 2693 1322 2734 „Pi-eis
1347 2692 1500 2733 geben.“

205 2760 260 2792 14.
286 2760 451 2801 ingyredz]
478 2760 535 2793 fiir
558 2763 734 2802 incipere,
758 2769 798 2792 so
818 2760 891 2792 Cic.
908 2760 1012 2792 Caec.
1037 2760 1092 2791 28.
1116 2761 1227 2791 Tacit.
1248 2762 1337 2791 Ann.
1362 2760 1416 2799 11,
1441 2761 1474 2790 2.
1521 2761 1603 2791 wie

115 2817 193 2847 hier
216 2817 446 2848 auffallender
471 2818 649 2857 crimina,
682 2818 775 2849 stelit
801 2818 856 2849 bei
893 2817 975 2849 Tac.
1002 2817 1090 2848 Aun.
1117 2816 1149 2857 6,
1173 2816 1204 2848 4.
1231 2818 1265 2847 ln
1297 2816 1469 2857 gleichem
1494 2817 1601 2847 sinn:

116 2872 311 2905 Latinium
335 2873 540 2906 Latiarem.
