1855 3200
660 191 759 232 liber
787 193 962 241 quartus.
1466 187 1573 233 833

89 308 158 351 Illi
173 305 380 364 judicent,
426 306 484 349 illi
512 306 695 363 eligantz
732 321 814 365 ego
850 306 947 350 mihi
983 316 1131 351 curam
1157 308 1323 349 tantum
1343 309 1388 349 et
1409 306 1574 361 impen-

91 375 202 418 dium
224 372 407 417 vindico.
478 374 667 419 Proinde
702 376 739 418 si
776 375 872 432 quis
897 375 1027 419 fuerit
1051 377 1269 430 repertus,
1305 373 1377 430 qui
1405 374 1575 429 ingenio
1587 383 1641 420 12

92 454 170 485 suo
205 438 331 498 fidat,
381 445 452 484 eat
485 441 587 484 illuc
624 455 676 486 ea
711 444 835 499 lege,
885 446 931 485 ut
965 443 1065 486 hinc
1111 441 1212 484 nihil
1248 439 1362 484 aliud
1398 444 1575 499 certum,

91 521 215 567 quam
250 506 447 552 fiduciam
482 521 602 552 suam
636 510 762 554 serat.
834 510 960 554 Vale.

746 697 912 745 xlv.

455 808 510 860 C.
546 809 737 859 Plinius
771 811 992 860 Paterno
1027 808 1134 860 Suo
1168 809 1226 860 S.

229 918 297 961 Tu
343 916 529 961 fortasse
573 916 823 972 orationem,
859 920 906 959 ut
939 917 1080 976 soleS,
1125 921 1168 961 et
1204 918 1373 974 flagitas
1418 922 1463 962 et
1498 932 1580 963 ex·-

95 989 299 1042 spectas:
345 988 390 1027 at
426 997 532 1043 ego,
577 983 703 1042 quasi
744 998 799 1027 ex
843 985 987 1041 aliqua
1032 985 1263 1042 peregrina
1307 984 1581 1042 delicataque

93 1066 252 1106 merce,
287 1053 410 1094 lusus
444 1064 563 1106 meos
600 1052 671 1094 tibi
707 1051 860 1108 produ.
931 1053 1135 1108 Accipies
1162 1066 1256 1095 cum
1291 1052 1372 1095 hac
1395 1054 1578 1109 epistola

93 1119 482 1174 hendecasyllabos
510 1124 708 1162 nostros:
744 1120 897 1174 quibus
914 1133 994 1162 nos
1016 1121 1057 1161 in
1080 1120 1296 1174 vehiculo,
1333 1120 1375 1162 in
1397 1121 1579 1176 balineo,

92 1188 205 1231 inter
248 1197 426 1229 coenam
469 1187 734 1228 oblectamus
779 1187 909 1229 otium
955 1187 1173 1242 temporis.
1251 1187 1333 1229 His
1371 1190 1581 1243 jocamur,

93 1253 290 1308 ludimus,
326 1265 531 1306 amamus,
567 1252 778 1308 dolemus,
814 1254 1047 1311 querimur,
1085 1254 1329 1297 irascimur:
1366 1254 1578 1298 describi-

92 1335 189 1366 mus
224 1319 385 1378 aliquid
420 1320 545 1364 modo
581 1321 793 1377 pressius,
829 1320 955 1364 modo
991 1321 1174 1366 elatius:
1209 1326 1341 1378 atque
1375 1323 1472 1379 ipsa
1496 1334 1582 1367 va-

95 1391 250 1434 rietate
283 1392 498 1433 tentamus
533 1389 730 1448 efficere,
777 1396 824 1432 ut
858 1389 943 1432 alia
977 1389 1099 1444 aliis,
1147 1389 1358 1447 quaedam
1393 1390 1582 1434 fortasse

95 1457 290 1501 omnibus
328 1457 540 1512 placeant.
614 1456 682 1500 Ex
704 1457 857 1514 quibus
892 1461 1034 1501 tamen
1054 1458 1096 1500 si
1119 1458 1322 1501 nonnulla
1340 1458 1415 1502 tibi
1435 1458 1580 1515 paullo

96 1524 383 1580 petulantiora
432 1523 718 1579 videbuntur,
768 1526 860 1583 >¹erit
908 1524 1163 1569 eruditionis
1218 1530 1320 1570 tuae
1372 1527 1580 1582 cogitare,

95 1603 285 1634 summos
322 1591 419 1632 illos
453 1594 497 1634 et
530 1592 816 1647 gravissimos
852 1592 998 1649 viros,
1043 1593 1116 1649 qui
1157 1593 1263 1636 talia
1298 1593 1582 1649 scripserunt,

97 1672 183 1701 non
226 1656 350 1701 modo
399 1658 583 1701 lascivia
624 1671 787 1713 rerum,
832 1659 911 1702 sed
956 1671 1012 1702 ne
1058 1659 1206 1702 verbis
1249 1659 1420 1716 quidem
1454 1659 1582 1702 nudis

97 1725 378 1769 abstinuisse.
457 1724 580 1778 Quae
626 1739 706 1768 nos
750 1726 1007 1782 refugimuS,
1054 1739 1140 1769 non
1185 1727 1285 1784 quia
1331 1728 1583 1772 severiores

98 1790 244 1853 [unde
265 1786 436 1849 enim‘3)
473 1791 554 1837 sed
589 1793 689 1851 quia
723 1793 957 1837 timidiores
981 1806 1143 1837 sumus.
1215 1793 1389 1838 Scimus
1409 1795 1581 1853 alioqui,

187 2000 319 2037 XIV.
344 2002 374 2034 1.
401 2002 542 2044 prodo]
575 2004 671 2035 nicht
704 2004 782 2035 blos
813 2013 856 2037 so
890 2005 963 2037 viel
995 2007 1068 2039 wie
1098 2003 1254 2048 profero
1264 2028 1280 2049 ,
1305 2005 1402 2050 edo,
1426 2006 1582 2040 sondern

99 2058 187 2089 Plin.
211 2058 347 2089 scheiut
371 2058 434 2089 das
458 2058 566 2090 Wort
588 2058 794 2090 absichtlich
818 2060 978 2100 gewiihlt
1001 2070 1046 2092 zu
1069 2062 1201 2101 haben,
1225 2071 1283 2094 um
1307 2071 1352 2093 zu
1376 2071 1508 2105 Sagen:
1542 2072 1584 2096 er

101 2112 208 2145 theile
231 2115 284 2145 sie
308 2114 375 2145 ihm
395 2111 487 2155 jetzt
510 2121 579 2145 nur
603 2117 709 2146 unter
734 2113 811 2146 dem
824 2114 944 2156 Siegel
966 2116 1030 2147 der
1054 2116 1411 2157 Verschwiegenheit
1433 2120 1508 2158 mit,
1528 2119 1583 2152 als

103 2168 146 2199 ob
171 2176 212 2200 er
235 2169 387 2201 dadurcli
412 2170 605 2211 gleichsam
629 2169 735 2202 einen
760 2170 913 2203 verrath
937 2178 982 2202 an
1006 2172 1080 2204 sicli
1105 2172 1215 2204 selbst
1240 2172 1385 2213 begehe.
1412 2189 1456 2196 —

187 2236 221 2267 2.
246 2234 474 2268 oblectamus
499 2237 637 2275 otium]
653 2238 717 2269 der
731 2237 953 2279 gewahltere
965 2239 1160 2272 Ausdruck
1180 2237 1237 2272 fiir
1251 2239 1478 2275 oblectamur
1493 2240 1581 2274 otio.

190 2304 222 2334 3.
249 2305 434 2344 pressius]
459 2314 489 2336 s.
514 2312 562 2336 zu
588 2304 621 2346 1,
643 2307 678 2347 8,
701 2306 735 2337 5.
770 2307 871 2339 Eben
896 2307 961 2339 der
984 2307 1183 2339 Charakter
1207 2309 1307 2340 einer
1331 2316 1373 2340 so
1396 2308 1584 2351 geth-ang-

101 2363 159 2391 ten
183 2360 387 2392 Sclireibart
414 2362 638 2393 verhinderte
663 2363 820 2395 hiiheren
835 2363 1023 2405 Schwung,
1046 2364 1242 2396 lebliaftere
1255 2364 1497 2406 Darsteuung‚
1521 2367 1584 2397 ‹la-

100 2416 166 2446 her
189 2415 252 2447 der
277 2416 480 2458 Gegensatz
507 2426 551 2448 zu
583 2417 723 2450 elatius
746 2419 860 2456 (nicht
884 2421 959 2452 wie
983 2420 1119 2452 andere
1141 2420 1262 2452 lesen:
1294 2418 1429 2457 latius)
1461 2420 1585 2453 natiir-

98 2470 168 2502 lich
194 2471 260 2502 und
285 2473 381 2504 nicht
411 2473 539 2514 seiten,
572 2474 606 2514 7,
630 2474 688 2514 12,
713 2477 747 2507 3.
782 2477 908 2507 Senec.
943 2475 1117 2507 Controv.
1143 2476 1177 2506 8.
1211 2476 1353 2514 Quintil.
1389 2476 1444 2517 10,
1467 2476 1500 2518 1,
1523 2477 1583 2509 44.

97 2526 197 2563 Eheu
221 2535 263 2558 so
289 2528 385 2560 stelit
411 2527 483 2560 Cic.
510 2529 607 2561 Brut.
632 2532 677 2561 55
698 2538 824 2571 presse
847 2532 914 2563 und
939 2531 1081 2563 sublate
1105 2528 1322 2572 gegeniiber.

190 2593 221 2624 4.
246 2594 347 2625 nuda
371 2595 503 2631 verba]
529 2597 559 2626 d.
576 2598 607 2627 h.
628 2597 761 2638 solche,
787 2599 843 2629 die
869 2598 933 2629 das
960 2598 1173 2640 Ansto'ssige
1197 2599 1293 2631 nicht
1315 2599 1443 2632 einmal
1471 2601 1581 2633 durch

100 2648 167 2679 den
193 2648 379 2680 Ausdruck
413 2649 623 2693 verhiilleu‚
654 2653 810 2684 sondern
848 2654 904 2684 die
937 2654 1003 2686 den
1039 2655 1220 2688 obsciinen
1257 2655 1489 2697 Gegenstand
1521 2659 1583 2689 mit

99 2705 179 2736 dem
203 2705 273 2736 ihm
297 2703 621 2746 eigenthiimlichen
645 2706 777 2740 VVorte
802 2710 1032 2751 bezeichnen,
1055 2711 1202 2749 Quintil.
1224 2712 1259 2752 8,
1282 2712 1315 2752 3,
1337 2712 1392 2743 38.

189 2770 288 2802 unde
311 2772 406 2804 enim
419 2772 455 2809 ἓ]
489 2774 561 2804 wie
593 2772 710 2806 πόθεν
732 2772 819 2819 γιὶρ5
850 2777 922 2813 πῶς
944 2774 1030 2820 γάρ
1062 2779 1144 2810 eine
1173 2779 1209 2810 in
1240 2779 1321 2812 eine
1355 2779 1473 2822 Frage
1505 2782 1582 2813 ein-

97 2825 321 2868 gekleidete,
345 2826 695 2863 ‘nacndriicklicnere
718 2831 967 2875 Vei-neinung‚
1000 2833 1168 2867 wodurch
1192 2836 1265 2868 wir
1286 2838 1404 2869 etwas
1429 2836 1482 2868 als
1513 2844 1580 2869 un-

98 2882 259 2916 denkbar
282 2883 487 2917 darstellen.
