1855 3200
662 216 760 253 liber
789 219 940 252 sextus.
1496 210 1559 250 15

762 324 873 368 IX.

454 434 508 484 C.
546 436 734 484 Plinius
775 434 948 483 Tacito
984 433 1091 482 Sao
1126 433 1181 481 S.

216 540 502 586 Commendas
540 541 638 584 mihi
673 541 836 584 Julium
862 542 1080 583 Nasonem
1115 538 1398 582 candidatum.
1470 541 1566 581 Na-

80 623 228 653 sonem
265 604 398 651 mihi?
435 609 536 666 quid
572 610 609 652 si
644 622 711 651 me
747 602 917 664 ipsum?
972 609 1084 650 Fero
1116 612 1260 649 tamen
1296 611 1340 649 et
1373 607 1564 662 ignosco.

80 675 280 720 Eundem
317 678 427 720 enim
463 676 829 719 commendassem
865 675 953 727 tibi,
989 675 1042 727 si,
1081 678 1122 717 te
1159 676 1325 717 Romae
1358 679 1565 726 morante,

81 744 182 800 ipse
219 745 467 786 abfuissem.
549 743 695 786 Habet
731 743 811 785 hoe
847 741 1112 793 sollicitudo,
1163 741 1273 796 quod
1313 741 1449 783 omnia
1486 754 1566 782 ne-

82 812 275 853 cessaria
318 815 452 867 putat.
543 811 611 852 Tu
657 806 822 863 tamen,
877 823 1063 865 censeo,
1119 810 1228 851 alios
1272 821 1430 865 roges3
1485 820 1566 861 ego

83 888 254 930 precum
291 882 457 919 tuarum
493 878 698 928 minister,
734 876 919 934 adjtitor,
960 876 1178 932 particeps
1215 889 1303 918 ero.
1379 875 1499 916 Vale.

782 1029 856 1074 Χ.

468 1138 521 1186 Ο.
559 1139 749 1187 Plinius
784 1139 959 1187 Albino
996 1139 1103 1187 Suo
1140 1138 1195 1186 S.

220 1241 327 1286 Cum
373 1234 591 1287 venissem
647 1244 690 1286 in
737 1256 890 1286 socrus
943 1256 1065 1287 meae
1114 1244 1260 1286 villam
1303 1243 1568 1297 Alsiensem,

86 1323 196 1366 quae
231 1310 460 1367 aliquando
496 1310 595 1352 Rufi
637 1311 832 1366 Verginii
868 1311 966 1364 fuit,
1004 1311 1100 1366 ipse
1135 1310 1234 1352 mihi
1272 1311 1391 1352 locus
1427 1311 1570 1366 optimi

86 1379 199 1418 illius
237 1382 278 1419 et
314 1378 480 1419 maximi
517 1377 600 1420 viri
635 1377 895 1422 desiderium
943 1391 1026 1420 non
1063 1378 1159 1420 sine
1195 1377 1342 1419 dolore
1379 1389 1569 1420 renova-

87 1444 163 1485 vit.
235 1444 361 1485 Hune
398 1445 510 1485 enim
538 1445 727 1487 incolere
763 1457 1001 1497 secessum,
1036 1451 1165 1500 atque
1188 1446 1312 1487 etiam
1333 1445 1571 1487 senectutis

91 1522 196 1551 suae
233 1509 417 1551 nidulum
453 1523 614 1553 vocare
661 1517 964 1555 consueverat.
1045 1511 1313 1567 Quocunque
1354 1524 1421 1553 me
1464 1522 1569 1552 con-

88 1576 306 1629 tulissem,
352 1577 466 1617 illum
508 1578 697 1633 animus,
741 1578 853 1619 illum
900 1578 1010 1619 oculi
1053 1579 1339 1632 requirebant.
1428 1577 1573 1618 Libuit

89 1644 213 1686 etiam
249 1644 549 1685 monimentum
586 1646 681 1698 ejus
717 1643 883 1698 videre,
919 1648 964 1686 et
1000 1643 1172 1687 vidisse
1198 1643 1416 1700 poenituit.
1488 1641 1573 1684 Est

89 1710 199 1752 enim
235 1709 373 1751 adhuc
407 1711 720 1766 imperfectum:
757 1724 838 1754 nec
875 1710 1102 1754 difficultas
1138 1711 1282 1767 operis
1317 1710 1360 1751 in
1398 1722 1572 1761 caussa,

178 1882 268 1916 lx.
305 1885 333 1915 1.
362 1883 604 1917 Commendas
641 1902 675 1908 —
713 1883 916 1922 Nasonem]
951 1887 1009 1916 ein
1040 1885 1286 1924 phalz'icisclier
1319 1885 1432 1924 Vers,
1464 1893 1494 1915 s.
1527 1892 1573 1914 zu

87 1941 122 1981 5,
140 1940 192 1981 14,
217 1939 250 1971 4.

177 2007 211 2036 2.
236 2005 346 2037 habet
368 2007 444 2046 hoc,
472 2006 590 2048 quod]
616 2008 750 2038 Plinius
775 2007 965 2038 schwankt
1001 2008 1057 2039 bei
1094 2007 1213 2038 dieser
1237 2008 1438 2038 Redensart
1475 2006 1572 2036 zwi-

88 2062 197 2092 schen
222 2062 316 2102 qnod
340 2062 472 2102 Paneg.
492 2063 547 2102 83,
565 2062 595 2092 1.
620 2062 688 2093 und
714 2063 756 2093 ut
780 2063 827 2093 lb.
842 2064 874 2103 5,
889 2064 924 2095 9.
949 2063 1022 2094 Das
1036 2064 1204 2093 Letztere
1228 2063 1276 2092 ist
1301 2063 1388 2092 nach
1416 2060 1574 2092 Cicero’s

91 2115 276 2147 Gebrauch
303 2118 364 2149 das
389 2118 605 2158 Richtigere.

178 2179 241 2214 X.
271 2183 300 2214 1.
325 2183 544 2222 Alsiensem]
572 2184 682 2216 Diese
696 2185 791 2216 Villa
815 2185 850 2216 in
875 2185 939 2216 der
950 2183 1048 2215 Nahe
1073 2191 1143 2214 von
1168 2182 1320 2223 Alsium,
1345 2183 1444 2213 einer
1468 2181 1575 2212 romi-

91 2239 202 2269 schen
227 2239 375 2270 Colonie
407 2242 442 2271 in
466 2241 633 2271 Etrurien
670 2240 759 2272 nahe
792 2241 849 2272 bei
875 2238 989 2280 Ciire,
1019 2240 1114 2271 hatte
1138 2236 1262 2269 friiher
1293 2234 1481 2278 pompejus
1513 2236 1576 2267 be·

91 2302 216 2326 sessen
242 2295 332 2334 (Cic.
358 2296 429 2326 Mil.
456 2294 529 2335 20.)
559 2295 629 2326 und
654 2303 735 2326 war
759 2296 823 2326 auf
840 2292 1008 2336 Pompeja
1040 2294 1225 2333 Celerina,
1261 2294 1318 2324 die
1350 2292 1577 2331 Schwieger-

92 2353 221 2381 mutter
244 2351 306 2381 des
331 2351 482 2391 Plinius,
507 2349 564 2381 die
589 2351 664 2382 sich
690 2359 735 2382 zu
759 2350 826 2382 den
850 2350 1115 2382 Nachkommen
1142 2351 1204 2380 des
1228 2345 1421 2388 Pompejus
1442 2345 1577 2384 zahlte,

92 2404 241 2435 vererbt
262 2405 426 2436 worden.

182 2470 353 2501 nidulum
376 2471 598 2508 senectutis]
625 2472 801 2503 Dasselbe
825 2470 988 2502 liebliehe
1013 2471 1104 2509 Bild,
1141 2469 1204 2500 das
1228 2469 1295 2499 den
1320 2466 1455 2508 Begriff
1474 2467 1576 2498 eines

94 2523 336 2563 Aufentbatts,
359 2525 427 2556 den
451 2533 532 2557 man
549 2526 646 2557 nicht
666 2533 756 2566 geru
772 2525 940 2565 verliisst,
964 2526 999 2556 in
1023 2525 1100 2555 sich
1123 2524 1225 2564 fasst,
1251 2524 1309 2554 hat
1333 2522 1423 2554 auch
1438 2523 1575 2553 Auson.

93 2577 233 2608 Mosell.
258 2578 344 2609 4⁴9:
370 2580 500 2611 nidum
523 2579 705 2620 senectae,
732 2581 848 2621 vergi.
871 2581 957 2612 Hor.
984 2581 1086 2619 epist.
1112 2579 1144 2618 1,
1168 2578 1225 2619 10,
1248 2579 1281 2610 6.

183 2644 217 2674 2.
241 2643 346 2676 illum
371 2662 415 2668 -
439 2645 698 2685 requirebant]
724 2653 816 2685 ganz
842 2645 982 2676 {ihnlicb
1014 2644 1117 2676 Ovid.
1143 2646 1228 2677 Met.
1253 2644 1288 2686 4,
1311 2643 1390 2676 129.

184 2711 224 2740 in
249 2718 384 2742 caussa
409 2712 502 2748 esse]
528 2713 601 2743 wie
626 2711 659 2750 7,
683 2713 716 2750 5,
742 2711 772 2741 1.
799 2715 923 2751 sagten
957 2711 1033 2742 blos
1059 2711 1201 2750 spiitere
1225 2711 1485 2743 Schriftsteller
1517 2708 1576 2741 fiir

96 2765 158 2797 das
182 2766 346 2797 bessere:
371 2775 522 2798 caussae
549 2767 635 2798 oder
658 2773 831 2798 caussam
855 2775 941 2798 esse.
989 2767 1054 2797 Die
1078 2767 1189 2798 stelle
1214 2766 1288 2799 Cic.
1311 2767 1409 2798 Fam.
1436 2766 1469 2807 1,
1486 2765 1574 2804 1‚2:

95 2820 136 2851 in
158 2829 293 2853 caussa
317 2822 405 2853 haec
429 2823 516 2853 sunt
538 2824 584 2853 ist
609 2823 642 2852 in
666 2830 758 2863 ganz
795 2822 938 2854 anderrn
963 2823 1073 2853 Sinne
1098 2822 1309 2862 gebrauchte
1345 2823 1435 2862 „der
1458 2820 1574 2852 Inhalt

94 2875 156 2906 der
181 2877 304 2916 sache,
329 2877 391 2907 des
412 2876 609 2909 Processes
633 2879 679 2908 ist
703 2876 924 2917 folgender.“
951 2878 1046 2910 Doch
1073 2878 1130 2909 liat
1156 2886 1194 2909 es
1219 2878 1329 2909 sehon
1351 2878 1430 2909 biv.
1447 2875 1502 2913 40,
1519 2874 1573 2904 20.
