1855 3200
297 183 316 223 1
330 181 360 224 2
827 173 946 224 Plinii
976 177 1228 234 epistolarum

286 312 354 342 me
388 304 531 341 notum
565 305 657 342 est}
694 311 774 355 ego
811 299 967 351 ambio,
1014 311 1094 354 ego
1130 300 1356 354 periclitor.
1425 300 1477 343 In
1513 313 1687 358 summa,
1724 303 1762 343 si

286 364 412 407 datur
447 367 635 423 Nasoni,
683 364 797 420 quod
833 366 953 422 petit,
990 365 1104 407 illius
1140 365 1297 421 honor,
1343 368 1379 408 si
1414 374 1622 423 negatur,
1667 380 1760 411 mea

285 433 460 488 repulsa
497 437 577 475 est.
649 432 775 474 Vale.

952 562 1093 606 VII.

583 671 636 721 C.
674 673 865 722 Plinius
905 671 1206 738 Calpurniae
1241 672 1378 721 Sum
1413 673 1467 721 S.

245 785 266 820 1
418 777 612 835 Scribis,
665 783 708 820 te
760 778 961 821 absentia
1014 791 1109 822 mea
1163 792 1244 821 non
1297 777 1567 821 mediocriter
1619 777 1760 831 adfici,

284 855 495 900 unumque
517 844 676 887 habere
700 845 910 903 solatium,
940 846 1051 902 quod
1072 861 1150 902 pro
1175 860 1241 888 me
1264 846 1432 888 libellos
1453 858 1571 888 meos
1591 850 1758 897 teneas,

242 912 417 966 2saepe
454 912 578 954 etiam
614 913 654 953 in
692 912 878 967 vestigio
913 926 1007 956 meo
1045 914 1245 956 colloces.
1317 910 1494 954 Gratum
1525 916 1608 969 est,
1646 911 1757 967 quod

280 990 359 1020 nos
395 979 592 1034 requiris,
631 984 817 1035 gratum,
865 979 977 1035 quod
1023 980 1091 1022 his
1126 980 1322 1023 fomentis
1358 979 1610 1034 acquiescis
1680 978 1758 1020 In-

280 1044 416 1086 vicem
454 1058 534 1100 ego
572 1046 781 1101 epistolas
819 1051 915 1088 tuas
953 1048 1109 1100 lectito,
1146 1045 1512 1103 atqueitentidem
1543 1046 1583 1086 in
1606 1056 1757 1086 manus

277 1113 401 1166 quasi
436 1125 574 1155 novas
597 1126 747 1170 sumo,
782 1112 859 1155 sed
885 1127 936 1156 eo
971 1115 1108 1168 magis
1143 1114 1196 1155 ad
1234 1112 1493 1156 desiderium
1517 1112 1575 1152 tui
1598 1123 1756 1152 accen-

237 1177 368 1219 3dor.
438 1179 548 1220 Nam
584 1182 707 1233 cujus
744 1180 911 1222 litterae
947 1185 1108 1222 tantum
1145 1181 1302 1222 habent
1336 1178 1594 1228 suavitatis,
1629 1177 1756 1231 hujus

276 1245 545 1286 sermonibus
594 1251 791 1301 quantum
837 1245 1077 1289 dulcedinis
1131 1243 1279 1289 inest!
1361 1246 1428 1286 Tu
1479 1249 1620 1285 tamen
1666 1243 1754 1285 sre-

276 1312 553 1367 quentissime
598 1312 762 1369 scribe,
819 1313 918 1356 licet
961 1313 1041 1356 hoc
1085 1314 1142 1355 ita
1183 1326 1250 1356 me
1296 1312 1518 1364 delectet,
1572 1315 1617 1352 ut
1661 1314 1754 1351 tor-

276 1383 417 1433 queat.
489 1378 613 1422 Vale,

926 1509 1099 1553 VIII.

656 1617 710 1667 C.
747 1618 938 1667 Plinius
974 1619 1151 1668 Prisco
1188 1619 1294 1667 Suo
1331 1617 1385 1666 S.

236 1734 258 1769 1
309 1720 311 1723 ’
408 1723 597 1765 Attilium
646 1721 923 1767 Crescentem
967 1729 1010 1768 et
1055 1725 1164 1766 nosti
1209 1729 1251 1767 et
1288 1735 1419 1765 amas.
1492 1721 1598 1774 Quis
1642 1721 1753 1763 enim

270 1788 388 1830 illum
444 1790 675 1844 spectatior
726 1791 870 1846 paullo
926 1795 1001 1833 aut
1050 1804 1132 1834 non
1177 1790 1298 1833 novit
1347 1795 1419 1832 aut
1473 1801 1556 1830 nou
1603 1781 1750 1829 amat?

269 1974 428 2005 welcher
460 1982 500 2005 es
531 1975 593 2006 aus
620 1975 693 2006 sich
730 1976 869 2017 nimint‚
905 1976 974 2008 den
999 1977 1193 2008 Bewerber
1223 1976 1286 2008 aus
1304 1975 1374 2008 alle
1399 1975 1525 2007 VVeise
1551 1974 1606 2005 bei
1630 1974 1750 2004 seiner

269 2027 473 2070 Bemiihuug
496 2037 544 2060 zu
569 2029 828 2071 unterstiitzen,
852 2040 881 2061 s.
909 2040 953 2063 zu
978 2032 1010 2072 1,
1038 2033 1092 2074 19,
1120 2032 1148 2063 1.

359 2097 407 2127 In
430 2098 592 2134 summa]
616 2106 646 2128 s·
673 2106 717 2129 zu
742 2098 773 2136 1,
802 2098 854 2137 12,
880 2098 933 2130 12.

357 2170 475 2210 VII,
503 2173 534 2204 1.
559 2174 705 2211 teneas]
741 2173 933 2215 Calpurnia
965 2175 1060 2206 hatte
1090 2172 1336 2207 ausdriicklich
1367 2173 1434 2205 den
1459 2171 1628 2204 stiirkern
1653 2173 1747 2203 Aus-

268 2228 381 2259 druck
406 2228 584 2269 gewiihlt:
609 2226 824 2270 „gleichsam
855 2230 1064 2270 festhalten,
1088 2231 1222 2271 gewiss
1246 2228 1447 2268 besitzen“‚
1473 2229 1519 2259 im
1544 2227 1749 2268 Gegeusatz

268 2292 312 2314 zu
338 2285 415 2315 dem
441 2283 569 2316 Gatten
586 2308 594 2324 ‚
619 2285 682 2316 der
704 2287 760 2316 ihr
784 2286 863 2317 sern
887 2293 978 2316 war.

357 2361 568 2401 vestifium]
596 2362 805 2393 bezeichnet
828 2363 903 2393 hier
928 2363 983 2392 die
1008 2363 1135 2401 Smne,
1169 2370 1228 2392 wo
1263 2362 1318 2392 sie
1343 2361 1418 2391 sich
1443 2360 1500 2391 die
1526 2360 1746 2400 Gegenwart

267 2417 329 2448 des
354 2417 483 2449 Gaiten
509 2425 565 2448 am
590 2417 827 2449 lebhastesten
852 2418 1050 2449 vorstellen
1076 2417 1232 2457 konnte,
1266 2425 1372 2448 wenn
1405 2418 1492 2447 aucli
1518 2417 1612 2447 nicht
1633 2416 1746 2446 sicht-

268 2473 352 2503 bare
381 2474 516 2512 Spuren
541 2474 656 2504 davon
681 2473 891 2504 voi-handen
917 2481 1062 2512 wareu3
1095 2474 1150 2514 lag
1175 2475 1225 2504 sie
1251 2474 1327 2504 also
1355 2473 1418 2503 auf
1437 2473 1548 2502 ihi-em
1571 2471 1747 2502 Ruhebett

270 2529 534 2569 ausgestreckt‚
559 2537 600 2559 so
624 2528 720 2568 legte
745 2529 798 2559 sie
822 2528 878 2559 die
901 2529 1026 2560 Rollen
1053 2530 1164 2560 neben
1187 2530 1282 2565 sich,
1305 2537 1366 2559 wo
1391 2536 1432 2559 er
1455 2529 1558 2558 sonst
1581 2534 1625 2558 an
1648 2526 1745 2557 ihrer

268 2581 364 2611 Seite
388 2583 520 2614 weilte.
551 2583 622 2615 Cic.
650 2584 756 2614 Verr.
780 2584 812 2624 3,
835 2583 890 2614 34.
917 2585 993 2614 Liv.
1019 2584 1051 2624 1,
1075 2586 1130 2615 58.
1155 2585 1316 2624 Propert.
1341 2584 1374 2624 2,
1397 2583 1430 2623 7,
1453 2584 1508 2614 95.

356 2657 388 2686 3.
412 2658 601 2698 torquere]
628 2662 662 2691 in
687 2661 873 2692 dei-selben
898 2662 1105 2703 Bedeutung
1133 2662 1165 2701 7,
1191 2661 1243 2700 12,
1267 2661 1301 2692 4.
1331 2663 1364 2701 9,
1387 2661 1445 2700 21,
1469 2660 1500 2690 3.
1549 2657 1742 2697 Uebrigens

267 2710 394 2751 gehiirt
423 2711 486 2743 der
518 2715 729 2748 scheinbare
752 2717 1003 2757 W'iderspriicli
1037 2718 1090 2749 z'ta
1124 2725 1179 2748 me
1203 2716 1387 2756 delectat,
1423 2714 1464 2746 ut
1488 2712 1663 2754 torqueat
1695 2721 1740 2743 zu

266 2765 332 2797 den
359 2767 618 2807 Wortspieleu,
644 2772 777 2802 welche
801 2772 932 2803 Plinius
957 2773 1156 2804 besonders
1179 2772 1274 2804 liebt.

357 2845 498 2879 vlu.
527 2846 556 2876 1.
582 2845 771 2882 Altinum]
798 2856 827 2878 ε.
852 2856 896 2879 zu
924 2848 953 2888 1,
978 2849 1012 2888 9,
1035 2849 1068 2878 Β.
