1855 3200
673 202 772 240 liber
801 200 971 249 quintus.
1493 197 1600 242 293

113 324 153 366 si
189 321 370 366 virtutes
406 320 502 374 eJus
536 317 860 362 maturuissent.
941 314 1035 370 Quo
1070 315 1143 359 ille
1179 313 1417 358 studiorum
1453 327 1600 359 amore

111 388 336 445 flagrabat!
381 390 582 443 quantum
628 381 759 441 legit!
806 389 1011 442 quantum
1058 383 1185 428 etiam
1231 378 1430 440 scripsit!
1487 394 1600 439 quae

109 467 221 499 nunc
262 455 402 499 omnia
447 468 541 497 cum
589 454 684 510 ipso
727 453 824 496 sine
876 453 1017 497 fructu
1065 451 1332 508 posteritatis
1376 453 1598 494 aruerunt.

111 522 204 569 Sed
247 522 348 581 quid
397 536 479 579 ego
524 520 726 577 indulgeo
773 514 944 563 dolori?
1001 521 1067 564 cui
1112 520 1153 562 si
1194 519 1344 563 frenos
1389 518 1600 570 remittas,

110 591 227 635 nulla
260 590 442 635 materia
477 602 562 633 non
596 588 783 632 maxima
829 592 914 631 est.
993 588 1147 638 Finem
1183 587 1396 643 epistolae
1430 586 1600 643 faciam,

113 663 158 702 ut
191 660 337 704 facere
374 659 537 715 possim
574 657 702 708 etiam
749 656 977 715 lacrymis,
1024 667 1134 712 quas
1181 655 1366 712 epistola
1411 665 1602 710 expres-

116 728 186 770 sit.
258 727 384 775 Vale.

820 856 895 903 X.

457 967 511 1017 C.
559 968 749 1018 Plinius
786 966 1032 1016 Antonino
1068 965 1174 1023 Suo
1210 964 1266 1014 S.

251 1072 357 1117 Cum
395 1087 554 1117 versus
589 1078 686 1117 tuos
723 1074 937 1131 aemulor,
986 1078 1072 1116 tum
1107 1072 1314 1128 maxime,
1359 1081 1483 1127 quam
1519 1068 1605 1114 sint

116 1141 227 1198 boni,
266 1141 481 1197 experior.
554 1142 608 1185 Ut
649 1141 761 1184 enim
792 1141 987 1197 pictores
1021 1138 1244 1195 pulchram
1278 1137 1605 1191 absolutamque

115 1207 263 1251 faciem
299 1220 424 1263 raro,
462 1207 544 1249 nisi
580 1208 623 1249 in
659 1210 800 1264 pejus,
837 1207 1068 1263 esfingunt3
1115 1206 1174 1247 ita
1209 1218 1290 1261 ego
1323 1205 1376 1247 ab
1412 1203 1493 1246 hoc
1528 1214 1605 1244 ar-

116 1274 302 1331 chetypo
348 1274 495 1317 laboro
532 1278 577 1318 et
612 1273 779 1318 decido.
864 1272 960 1335 Quo
1004 1273 1140 1330 magis
1175 1271 1348 1325 hortor,
1391 1275 1437 1313 ut
1480 1281 1606 1327 quam

116 1342 298 1399 plurima
334 1341 548 1401 proferas,
586 1354 699 1399 quae
733 1341 889 1384 imitari
926 1354 1073 1385 omnes
1109 1340 1431 1397 concupiscant,
1467 1350 1607 1391 nemo,

117 1413 190 1452 aut
224 1409 492 1467 paucissimi,
529 1410 713 1468 possint.
784 1409 911 1453 Vale.

802 1550 910 1594 XI.

435 1660 489 1711 G.
524 1661 713 1710 Plinius
755 1659 1042 1727 Tranquillo
1078 1658 1186 1709 Suo
1222 1658 1277 1707 S.

254 1768 414 1821 Libera
448 1766 618 1810 tandem
653 1766 1114 1822 hendecasyllaborum
1146 1778 1336 1808 meorum
1357 1764 1496 1821 fidem,
1534 1764 1606 1821 qui

122 1945 267 1984 manne,
298 1943 363 1975 der
393 1943 484 1976 eben
509 1947 587 1976 erst
609 1942 766 1985 Quiistor
797 1951 971 1984 gewesen
996 1950 1096 1985 war,
1129 1942 1263 1975 konnte
1297 1950 1338 1974 er
1360 1941 1451 1974 auch
1475 1938 1605 1982 ssiglich

124 1999 219 2032 nicht
240 2006 367 2041 Sagen:
389 2007 529 2032 summa
553 1999 784 2032 consecutus.

213 2066 415 2104 aruerunt]
438 2066 526 2098 Plin.
552 2065 623 2100 hiilt
646 2067 744 2107 hier,
766 2066 840 2098 wie
865 2066 952 2098 auch
977 2066 1056 2098 sine
1077 2063 1210 2106 fractu
1231 2065 1468 2107 posteritatis
1499 2065 1607 2106 zeigt,

125 2122 190 2153 das
214 2122 286 2154 Bild
308 2123 397 2163 fest,
427 2123 537 2155 daher
559 2123 615 2154 die
639 2123 769 2155 Lesart
792 2123 978 2154 mehrerer
1003 2122 1200 2154 Handschr.
1234 2120 1412 2152 abierunt
1436 2128 1502 2152 nur
1527 2120 1606 2152 dem

123 2179 386 2211 Missverstand
419 2178 482 2211 des
512 2179 673 2211 seltnern
698 2179 823 2210 XVorts
853 2179 931 2210 ihre
956 2178 1180 2219 Entstehung
1205 2177 1394 2209 verdankt..
1442 2174 1608 2207 Friichte

125 2235 383 2277 vertrocknen,
408 2243 516 2268 wenn
539 2236 645 2266 ihnen
679 2235 743 2267 der
767 2235 1034 2276 Nahrungssaft‚
1057 2236 1114 2266 die
1139 2232 1392 2266 befruchtende
1417 2231 1608 2262 Bewiisse-

124 2288 223 2332 rung'}
248 2291 350 2331 seh1t3
385 2299 426 2323 so
451 2291 559 2323 fehlte
593 2292 685 2324 auch
710 2291 778 2323 den
800 2292 981 2324 Schriften
1011 2292 1075 2323 des
1099 2291 1216 2323 Julius
1243 2290 1373 2321 Avitus
1409 2288 1466 2319 die
1498 2287 1607 2319 letzte

125 2345 237 2386 Fene,
251 2346 422 2378 wodurch
435 2349 489 2379 sie
514 2356 578 2379 zur
590 2348 693 2380 Reife
716 2347 862 2388 gelangt
876 2347 1013 2388 waren,
1038 2348 1108 2379 und
1123 2355 1165 2378 so
1191 2349 1320 2388 gingen
1345 2346 1400 2376 sie
1413 2345 1476 2375 der
1490 2343 1607 2374 Nach-

125 2401 214 2433 well:
244 2401 425 2435 verloren.
481 2410 703 2436 exarescere
728 2403 779 2436 oft
802 2412 844 2435 so
868 2404 925 2436 bei
949 2403 1075 2438 Cicero
1101 2403 1199 2435 Fam.
1225 2403 1258 2442 9,
1285 2401 1338 2432 18.
1364 2400 1396 2440 ’7,
1420 2398 1476 2430 31.
1502 2397 1605 2429 Tusc.

127 2457 159 2496 3,
183 2457 238 2489 31.
265 2458 366 2490 Auct.
391 2459 545 2491 Herenn.
570 2453 607 2501 ἃ,
630 2458 686 2490 34.
715 2477 751 2482 —

214 2532 275 2569 X·
299 2535 504 2573 Antonino]
530 2545 559 2568 S.
584 2544 633 2568 zu
656 2536 691 2576 4,
715 2537 750 2570 3.

213 2600 246 2631 1.
272 2599 400 2632 laboro
424 2603 460 2633 et
482 2602 625 2639 decido]
651 2603 741 2634 nach
767 2599 848 2634 fiinf
867 2603 933 2634 der
956 2601 1082 2633 besten
1107 2599 1377 2632 Handschriften
1401 2597 1477 2631 fiir:
1502 2597 1608 2632 labor

127 2657 164 2689 et
184 2655 322 2688 decido.
378 2655 554 2689 laborare
585 2658 622 2689 in
656 2657 720 2690 der
744 2659 947 2698 Bedeutnng
971 2665 1063 2688 von:
1097 2655 1240 2697 „Noth‚
1271 2652 1376 2687 Miihe
1406 2655 1518 2687 haben
1549 2656 1608 2687 mit

130 2711 272 2745 etwas“
295 2713 431 2746 konnte
455 2712 559 2744 theils
581 2714 644 2744 mit
666 2722 691 2744 a
713 2713 815 2745 recht
829 2715 890 2755 gut
913 2713 1109 2746 construirt
1131 2712 1295 2744 werden:
1319 2711 1378 2751 „in
1392 2712 1515 2753 Bezug
1538 2711 1608 2752 auf,

127 2776 198 2800 von
222 2766 365 2800 Seiten“
380 2790 390 2808 ‚
422 2768 524 2800 theils
557 2769 738 2811 vereinigt
768 2778 809 2802 es
832 2770 908 2802 sich
932 2770 1057 2802 besser
1087 2768 1152 2800 mit
1173 2767 1303 2801 decido
1329 2767 1384 2799 als
1408 2766 1471 2798 das
1497 2766 1608 2807 vollig

130 2824 391 2866 tautologische
413 2820 534 2856 labor.
1542 2829 1547 2833 ’

215 2889 306 2930 XI.
329 2891 361 2926 1.
391 2891 520 2926 Libera
545 2888 676 2933 tidem]
702 2892 770 2926 Die
794 2889 1134 2933 Hendekasyllaben
1158 2891 1222 2936 ries
1247 2890 1334 2925 Plin.
1363 2892 1483 2923 hatten
1509 2888 1608 2920 Hoff-
