1855 3200
225 192 293 236 80
772 198 883 235 Plinii
914 197 1161 245 epistolarum

224 311 539 368 sexagesimum
589 312 781 354 excessit
824 317 868 354 et
912 311 1050 352 adhuc
1096 309 1381 352 scholasticus
1423 312 1585 350 tantum
1629 310 1708 350 est.

225 379 321 432 Quo
364 391 527 434 genere
572 378 780 420 hominum
818 379 920 419 nihil
966 381 1041 418 aut
1075 376 1300 428 sincerius,
1344 380 1417 417 aut
1460 375 1709 432 simplicius,

223 450 298 488 aut
331 446 499 489 melius.
569 447 665 487 Nos
686 447 809 501 enim,
847 446 916 500 qui
953 446 993 485 in
1022 445 1114 486 foro
1131 444 1335 498 verisque
1356 442 1500 483 litibus
1519 442 1709 498 terimur,

186 514 397 558 ssmultum
434 511 646 570 malitiae,
696 513 893 568 quamvis
942 512 1148 566 nolimus,
1196 509 1479 551 addiscimus,
1550 508 1713 551 Schola

225 584 270 623 et
303 578 556 621 auditorium
593 584 635 621 et
670 579 767 621 ficta
802 590 973 634 caussa,
1012 591 1083 620 res
1102 577 1289 629 inermis,
1327 576 1498 617 innoxia
1514 580 1595 633 est,
1632 589 1713 618 nec

224 647 365 688 minus
401 646 529 698 felix,
565 645 742 688 senibus
778 646 1050 701 praesertim.
1131 645 1239 685 Nam
1276 643 1372 699 quid
1410 644 1451 684 in
1488 647 1714 686 senectute

186 713 414 769 7selici11S,
460 724 583 767 quam
626 712 737 768 quod
774 712 1061 754 dulcissimum
1107 716 1176 753 est
1210 711 1252 752 in
1282 704 1498 765 juventa?
1569 708 1714 761 Quare

224 793 304 834 ego
341 779 528 833 Isaeum,
565 792 647 821 non
684 779 1005 821 disertissimum
1040 783 1221 835 tantum,
1261 790 1411 821 verum
1445 777 1571 819 etiam
1606 777 1715 819 bea-

223 847 434 888 tissimum
471 845 642 902 judico,
706 859 829 901 quem
874 851 917 887 tu
970 846 1052 887 nisi
1105 857 1371 900 cognoscere
1424 843 1713 900 concupiscis,

186 922 385 957 Ssaxeus
429 913 684 968 ferreusque
730 925 794 954 es.
874 911 1062 954 Proinde
1107 912 1144 952 si
1189 924 1271 952 non
1317 911 1369 952 ob
1415 910 1501 951 alia
1546 922 1714 966 nosque

223 980 358 1036 ipsos,
396 984 440 1020 at
475 984 594 1021 certe
630 983 675 1020 ut
711 978 822 1020 hunc
857 979 1022 1029 audias,
1057 978 1173 1020 veni.
1245 979 1527 1032 Nunquamne
1551 977 1710 1033 legisti,

226 1045 484 1088 Gaditanum
521 1044 733 1101 quendam
756 1046 842 1087 Titi
862 1046 975 1088 Livii
1011 1044 1178 1087 nomine
1213 1044 1436 1100 gloriaque
1464 1048 1714 1086 commotum

224 1112 278 1154 ad
315 1112 543 1156 visendum
589 1125 684 1155 eum
718 1113 770 1154 ab
808 1113 950 1154 ultimo
995 1117 1207 1154 terrarum
1242 1111 1347 1154 orbe
1383 1111 1582 1168 venisse,
1620 1116 1714 1153 sta-

225 1181 396 1235 timque,
434 1185 479 1221 ut
504 1179 692 1235 viderat,
712 1174 906 1222 abiisse?
937 1171 1265 1239 Ἀφιλόκαλον,
1301 1178 1557 1233 illiteratum,
1594 1178 1713 1220 iners

225 1258 278 1288 ac
312 1259 452 1302 paene
497 1247 624 1288 etiam
660 1250 784 1300 turpe
821 1250 912 1303 est,
950 1258 1033 1287 non
1069 1250 1224 1301 putare
1259 1246 1363 1286 tanti
1412 1245 1713 1302 cognitionem,

226 1326 311 1369 qua
353 1313 469 1354 nulla
512 1317 579 1354 est
615 1311 865 1369 jucundior,
918 1312 1033 1353 nulla
1076 1310 1318 1367 pulchrior,
1371 1311 1487 1352 nulla
1531 1310 1716 1367 denique

188 1380 461 1428 9humanior.
543 1378 702 1421 Dices:
747 1379 900 1422 Habeo
953 1378 1021 1420 hic
1070 1390 1179 1433 quos
1228 1378 1391 1432 legam,
1448 1389 1532 1419 non
1575 1378 1714 1420 minus

227 1446 433 1490 disertos.
503 1445 666 1487 Etiam:
703 1445 782 1489 sed
819 1444 991 1502 legendi
1012 1457 1185 1500 semper
1201 1445 1372 1486 occasio
1394 1448 1476 1496 est,
1511 1443 1715 1487 audiendi

316 1579 349 1608 5.
374 1576 643 1614 scholasticus]
678 1585 707 1607 s.
733 1585 776 1608 zu
802 1576 834 1617 1,
856 1575 912 1617 24,
940 1576 995 1608 12.
1050 1576 1137 1607 Hier
1170 1576 1216 1606 ist
1245 1574 1302 1607 die
1331 1575 1530 1616 Bedeutung
1561 1574 1714 1607 deutlich

225 1639 344 1672 genug
377 1632 484 1664 durch
521 1632 588 1664 den
622 1632 845 1674 Gegensatz:
888 1632 955 1673 qui
985 1631 1027 1662 in
1057 1631 1146 1673 foro
1179 1630 1354 1672 verisque
1389 1629 1521 1662 litibus
1553 1630 1717 1664 terimur

226 1686 480 1728 ausgedriickt.

317 1742 351 1772 6.
378 1743 414 1773 et
436 1741 531 1783 ficta
567 1742 724 1779 caussa]
758 1742 877 1775 Durch
910 1743 966 1774 die
999 1742 1222 1782 Entfernung
1258 1750 1327 1773 von
1362 1741 1420 1772 ita
1457 1749 1526 1772 vor
1560 1742 1717 1772 inermis

226 1798 518 1840 warbderStelle
543 1805 611 1829 nur
635 1806 717 1829 zum
735 1799 834 1829 Theil
860 1798 1037 1839 geholfen.
1064 1797 1130 1827 Die
1156 1797 1291 1837 Prager
1304 1796 1527 1827 Handschrift
1551 1796 1717 1837 bestiingt

227 1852 283 1882 die
300 1853 430 1883 Lesart
455 1853 609 1884 andei-er
634 1853 746 1884 Codd.
770 1854 824 1891 et3
849 1853 940 1883 deun
958 1851 1100 1891 schola,
1117 1851 1357 1882 auditorium
1375 1851 1442 1881 und
1466 1849 1560 1891 ficta
1579 1860 1717 1882 caussa

227 1907 377 1939 macheu
414 1915 620 1938 zusammen
645 1908 837 1948 gleichsam
861 1909 973 1938 Einen
999 1907 1130 1948 Begriff
1149 1915 1212 1938 aus
1248 1907 1315 1938 und
1342 1909 1499 1937 mussten
1524 1908 1634 1938 daher
1657 1908 1722 1938 auf

228 1962 332 1993 diese
357 1963 483 1994 VVeise
508 1962 714 1994 verbunden
738 1963 898 1994 werden.

318 2029 349 2059 7.
376 2036 516 2060 saxeus
546 2028 792 2070 ferreusque]
831 2028 1117 2069 Herzlosigkeit,
1150 2026 1472 2070 Gefiihllossigkeit
1507 2028 1632 2060 wurde
1664 2029 1717 2060 oft

228 2084 292 2115 auf
311 2083 471 2115 {thuliche
495 2085 620 2116 Weise
644 2081 891 2125 ausgedriickt‚
918 2084 1084 2124 Aeschyl.
1112 2085 1227 2116 Prom.
1251 2084 1330 2116 242.
1359 2084 1562 2125 VirgAen.
1591 2086 1624 2125 6,
1637 2084 1714 2115 471.

228 2139 330 2170 Ovid.
358 2139 500 2171 Her-oid.
527 2139 561 2179 7,
585 2138 641 2169 37,

433 2195 481 2225 Te
505 2194 604 2234 lapis
629 2194 665 2225 et
688 2194 831 2225 montes
856 2194 1066 2235 innataque
1090 2193 1253 2235 rupibus
1278 2193 1368 2224 altis

499 2248 667 2291 Robora,
693 2250 728 2280 te
751 2257 886 2281 saevae
911 2257 1147 2290 proyenuere
1170 2250 1289 2290 serae.

229 2306 351 2337 Horat.
378 2304 444 2337 Od.
470 2303 501 2346 1,
524 2305 558 2346 3,
581 2305 625 2335 9.·
673 2304 738 2335 Illi
763 2304 884 2336 robur
909 2305 945 2335 et
969 2313 1032 2335 aes
1056 2305 1202 2345 triplex

668 2359 784 2390 Circa
809 2360 943 2399 pectus
968 2360 1065 2392 erat.

228 2407 354 2438 Senec.
381 2407 434 2436 ira
458 2405 494 2444 3,
516 2405 550 2435 8.

318 2461 351 2490 S.
377 2460 563 2501 coyn'itio]
598 2459 724 2491 bedar-f
753 2460 829 2493 hier
862 2468 918 2492 um
953 2469 994 2492 so
1019 2462 1181 2502 weniger
1213 2462 1269 2491 ein
1296 2460 1458 2492 Priidicat
1492 2463 1537 2492 im
1561 2462 1718 2501 Genitiv‚

231 2515 274 2546 da
299 2523 338 2545 es
363 2515 526 2546 dasselbe
552 2514 766 2556 vollstandig
795 2516 829 2547 in
865 2517 931 2547 den
956 2516 1146 2557 folgenden
1172 2516 1325 2547 &Vei-ten
1359 2516 1503 2548 enlhiilt.
1552 2518 1716 2558 coynitio

229 2570 277 2600 ist
301 2568 494 2608 iiberlnaupt
513 2567 598 2610 jede
623 2570 839 2613 Kenntniss‚
873 2572 1136 2604 VVissenschaft
1161 2580 1230 2602 von
1256 2574 1356 2603 einer
1378 2572 1489 2603 sache
1514 2573 1559 2603 im
1588 2574 1714 2614 Allge-

230 2626 392 2662 meinen3
416 2625 520 2655 durch
547 2632 621 2664 qua
645 2641 688 2647 —
714 2624 916 2658 humanior
939 2626 1055 2658 erhiilt
1071 2635 1110 2658 es
1134 2628 1190 2659 die
1215 2627 1412 2658 besondere
1435 2628 1633 2668 Beziehung
1658 2627 1722 2659 auf

231 2678 332 2709 lsaus
357 2678 424 2709 und
449 2681 548 2710 seine
574 2681 842 2720 Rednergaben.

321 2745 452 2781 etiam]
478 2743 569 2776 wli-d
604 2745 651 2775 oft
675 2746 885 2787 gebraucht,
921 2757 976 2779 um
1010 2752 1114 2782 einen
1139 2749 1304 2780 Einwurf
1332 2749 1395 2780 des
1419 2748 1583 2788 Gegners
1607 2753 1717 2780 muzu-

232 2801 357 2842 gehen,
381 2800 468 2831 doch
494 2808 557 2840 so,
581 2800 663 2831 dass
688 2800 750 2830 das
775 2801 938 2842 folgende
959 2803 1025 2833 sed
1049 2805 1128 2835 eine
1152 2803 1432 2842 Beschrfinkung
1453 2803 1583 2834 dessen
1608 2804 1719 2844 gicht,

233 2862 311 2886 was
335 2862 417 2886 man
443 2854 626 2887 einriiumt.
677 2854 765 2885 Plin.
790 2855 874 2887 liebt
898 2857 993 2888 diess
1018 2858 1214 2888 besonders
1237 2857 1269 2889 6.
1293 2858 1369 2896 2,8.
1397 2857 1429 2896 6,
1441 2856 1497 2898 28,
1511 2859 1543 2888 3.
1568 2857 1599 2896 ’7,
1616 2858 1671 2899 17,
1682 2860 1714 2890 5.
